s,liq_amount,S,q,funding_rate,time
FLOWUSDT,27614.7658,BUY,8,-0.102,2023-01-03 13:55:11.698439+05:30
SANDUSDT,45795.43463,SELL,10,0.01,2023-01-06 09:55:06.536440+05:30
TRXUSDT,30737.84939,SELL,34,-0.2832,2023-01-06 09:58:14.507962+05:30
ETHUSDT,34498.267759999995,SELL,2,0.01,2023-01-06 09:58:23.301382+05:30
ETCUSDT,32265.32094,SELL,27,0.01,2023-01-06 10:00:06.178722+05:30
AVAXUSDT,30073.6539,SELL,13,0.01,2023-01-06 10:01:12.609903+05:30
APEUSDT,31739.6451,SELL,15,-0.1127,2023-01-06 10:04:10.825722+05:30
TRXUSDT,31399.46148,SELL,25,-0.2832,2023-01-06 10:27:44.253929+05:30
ALPHAUSDT,41765.989100000006,SELL,16,0.01,2023-01-06 10:58:55.104253+05:30
XRPUSDT,32158.561690000002,SELL,16,0.01,2023-01-06 11:53:38.446147+05:30
ETHUSDT,31224.02733,SELL,14,0.01,2023-01-06 11:54:27.264315+05:30
MATICUSDT,30911.9602,SELL,35,0.01,2023-01-06 11:56:23.431522+05:30
SANDUSDT,36370.34903,SELL,25,0.01,2023-01-06 11:57:05.218220+05:30
TRXUSDT,33881.78206,SELL,25,-0.2832,2023-01-06 11:57:05.315440+05:30
LINKUSDT,31102.99553,SELL,17,0.0026,2023-01-06 11:57:23.597312+05:30
XRPUSDT,34031.62914999999,SELL,8,0.01,2023-01-06 11:57:52.315866+05:30
BTCUSDT,30932.2419,SELL,19,0.0082,2023-01-06 12:02:58.513545+05:30
BTCUSDT,49870.9089,SELL,1,0.0082,2023-01-06 12:03:05.528765+05:30
XRPUSDT,35917.79195,SELL,14,0.01,2023-01-06 12:03:14.291160+05:30
1000LUNCUSDT,30332.466500000002,SELL,42,0.0056,2023-01-06 12:03:20.677302+05:30
NEARUSDT,32400.747,SELL,18,0.01,2023-01-06 12:03:22.186108+05:30
BTCUSDT,31132.0105,SELL,8,0.0082,2023-01-06 12:04:20.152399+05:30
DOGEUSDT,37342.238377,SELL,15,0.01,2023-01-06 12:04:23.695172+05:30
JASMYUSDT,30543.232404,SELL,43,0.0069,2023-01-06 12:04:24.432053+05:30
BTCUSDT,53764.22169,SELL,5,0.0082,2023-01-06 12:04:25.201164+05:30
1000XECUSDT,32673.70192,SELL,22,-0.1521,2023-01-06 12:11:26.950541+05:30
SANDUSDT,37263.97715,SELL,8,0.01,2023-01-06 12:21:56.083033+05:30
GMTUSDT,39198.92375,SELL,21,-0.0048,2023-01-06 12:29:38.214518+05:30
APTUSDT,30429.802818,SELL,4,-0.0009,2023-01-06 12:30:29.612472+05:30
CHZUSDT,33189.13426,SELL,46,0.0035,2023-01-06 12:46:54.215966+05:30
TRXUSDT,30111.50056,SELL,33,-0.2832,2023-01-06 12:48:40.487702+05:30
HNTUSDT,39473.8526,SELL,28,-0.9916,2023-01-06 12:52:26.271307+05:30
LDOUSDT,33046.647452,SELL,31,0.01,2023-01-06 13:20:57.322400+05:30
ALPHAUSDT,41614.04203,SELL,14,0.01,2023-01-06 14:39:40.555362+05:30
BTCUSDT,35792.13448,SELL,23,0.0082,2023-01-06 14:50:05.220545+05:30
HBARUSDT,30109.65159,SELL,30,0.01,2023-01-06 14:50:10.464000+05:30
EOSUSDT,33294.544,SELL,18,0.01,2023-01-06 14:51:51.591730+05:30
GMTUSDT,58770.995059999994,SELL,21,-0.0048,2023-01-06 14:52:12.383363+05:30
SOLUSDT,52482.9903,SELL,7,-0.0876,2023-01-06 14:52:12.454725+05:30
MASKUSDT,30288.903,SELL,22,0.01,2023-01-06 15:22:42.163292+05:30
ETHUSDT,38051.43548,SELL,18,0.01,2023-01-06 16:24:02.658536+05:30
BCHUSDT,30605.081149999998,SELL,22,-0.0004,2023-01-06 16:30:08.177451+05:30
DOGEBUSD,30841.397234,SELL,14,0.01,2023-01-06 16:35:35.716948+05:30
AXSUSDT,271478.03444,SELL,23,0.0055,2023-01-06 16:35:44.258661+05:30
BTCUSDT,32908.7172,SELL,21,0.0082,2023-01-06 16:35:55.227463+05:30
BTCUSDT,82086.9153,SELL,4,0.0082,2023-01-06 16:36:10.631304+05:30
MANAUSDT,155857.21850000002,SELL,42,0.01,2023-01-06 16:36:10.895325+05:30
ETHUSDT,31492.441540000003,SELL,10,0.01,2023-01-06 16:36:12.082020+05:30
NEARUSDT,32061.542,SELL,25,0.01,2023-01-06 16:36:12.224027+05:30
C98USDT,30434.192600000002,SELL,37,0.01,2023-01-06 16:36:14.636833+05:30
ADAUSDT,30332.24872,SELL,27,0.01,2023-01-06 16:37:54.375906+05:30
ZENUSDT,30295.7973,SELL,37,-0.0096,2023-01-06 16:39:36.202735+05:30
APTUSDT,49111.561649,SELL,19,-0.0009,2023-01-06 16:56:00.276659+05:30
BCHUSDT,66227.93942,SELL,20,-0.0004,2023-01-06 17:06:38.209093+05:30
DYDXUSDT,33982.911199999995,SELL,26,0.001,2023-01-06 17:12:15.266326+05:30
RLCUSDT,31530.67946,SELL,22,-0.0358,2023-01-06 17:34:49.983936+05:30
LDOUSDT,34830.384559,SELL,29,0.01,2023-01-06 17:48:10.220263+05:30
BTCUSDT,30364.83386,SELL,7,0.0082,2023-01-06 17:56:32.623057+05:30
CRVUSDT,36393.2303,SELL,36,0.01,2023-01-06 17:58:13.313671+05:30
FLOWUSDT,30808.5821,SELL,37,0.01,2023-01-06 17:58:13.389202+05:30
CHZUSDT,30809.911650000002,SELL,32,0.0035,2023-01-06 17:58:35.260266+05:30
FTMUSDT,65895.148667,SELL,5,0.0064,2023-01-06 18:01:03.999380+05:30
BNXUSDT,30738.499200000002,SELL,36,-0.0841,2023-01-06 18:14:31.939081+05:30
LINKUSDT,30108.24636,SELL,10,0.0026,2023-01-06 18:21:18.164295+05:30
BNXUSDT,32390.98325,SELL,11,-0.0841,2023-01-06 18:27:14.445607+05:30
ETCUSDT,36941.00425,SELL,17,0.01,2023-01-06 18:31:18.143205+05:30
RLCUSDT,33339.66399,SELL,12,-0.0358,2023-01-06 18:31:20.707210+05:30
BTCUSDT,100528.64050000001,SELL,10,0.0082,2023-01-06 18:33:12.268935+05:30
BTCUSDT,43520.399999999994,SELL,2,0.0082,2023-01-06 18:33:52.355803+05:30
ETHUSDT,33233.53185,SELL,8,0.01,2023-01-06 18:38:09.735623+05:30
GMTUSDT,35539.29137,SELL,23,-0.0048,2023-01-06 18:42:47.341426+05:30
ADAUSDT,76243.35508,SELL,28,0.01,2023-01-06 18:42:54.994109+05:30
AXSUSDT,53630.34887,SELL,15,0.0055,2023-01-06 18:43:08.747919+05:30
LPTUSDT,33496.6766,SELL,42,-0.0584,2023-01-06 18:43:09.185539+05:30
BTCUSDT,82950.91792,SELL,7,0.0082,2023-01-06 19:00:03.340338+05:30
ETHUSDT,102879.19593,SELL,7,0.01,2023-01-06 19:00:05.172806+05:30
TRBUSDT,50714.416999999994,SELL,47,0.01,2023-01-06 19:00:14.205453+05:30
UNFIUSDT,30768.5839,SELL,26,0.0066,2023-01-06 19:00:18.353590+05:30
ETHUSDT,31415.208120000003,SELL,3,0.01,2023-01-06 19:00:31.327617+05:30
ETHUSDT,53765.1457,BUY,3,0.01,2023-01-06 19:00:48.573890+05:30
MASKUSDT,31207.631599999997,SELL,22,0.01,2023-01-06 19:01:18.594564+05:30
BNXUSDT,49652.02646,SELL,28,-0.0841,2023-01-06 19:03:04.184500+05:30
ETHUSDT,30034.09593,BUY,9,0.01,2023-01-06 19:12:30.492669+05:30
DOTUSDT,31456.4552,SELL,20,0.01,2023-01-06 19:14:53.881240+05:30
ETCUSDT,30520.34538,SELL,32,0.01,2023-01-06 19:15:24.366852+05:30
BTCUSDT,58994.158299999996,SELL,16,0.0082,2023-01-06 19:15:27.828138+05:30
ETHUSDT,58593.53549,BUY,14,0.01,2023-01-06 19:15:28.288149+05:30
ETCUSDT,56510.001690000005,BUY,4,0.01,2023-01-06 19:15:30.602480+05:30
LDOUSDT,30592.782312999996,SELL,38,0.01,2023-01-06 19:15:33.300657+05:30
BTCUSDT,252783.6406,BUY,11,0.0082,2023-01-06 19:16:09.946857+05:30
ETHUSDT,31055.73372,BUY,10,0.01,2023-01-06 19:16:13.278013+05:30
XRPUSDT,32931.03592,SELL,32,0.01,2023-01-06 19:16:14.670948+05:30
ETCUSDT,37582.29397,BUY,11,0.01,2023-01-06 19:18:34.635716+05:30
BTCUSDT,34214.0104,SELL,7,0.0082,2023-01-06 20:15:29.800045+05:30
BTCUSDT,53404.9971,SELL,4,0.0082,2023-01-06 20:16:04.271449+05:30
LTCUSDT,31442.15075,SELL,25,0.01,2023-01-06 20:16:04.346774+05:30
OCEANUSDT,30522.24151,SELL,66,-0.0437,2023-01-06 20:31:27.838870+05:30
ETHUSDT,69925.02082,SELL,8,0.01,2023-01-06 20:39:29.681368+05:30
LDOUSDT,30511.555832000002,BUY,27,0.01,2023-01-06 20:51:41.913782+05:30
TRXUSDT,33764.72864,SELL,19,-0.2832,2023-01-06 21:06:09.248062+05:30
ETHUSDT,33103.476389999996,SELL,14,0.01,2023-01-06 21:08:22.927604+05:30
BTCUSDT,31279.499800000005,BUY,13,0.0082,2023-01-06 21:08:29.755852+05:30
ETHUSDT,30262.46285,BUY,4,0.01,2023-01-06 21:10:21.545192+05:30
BTCUSDT,99829.57949999999,BUY,7,0.0082,2023-01-06 21:10:29.291524+05:30
ETHUSDT,56710.984800000006,BUY,3,0.01,2023-01-06 21:10:50.307030+05:30
BTCUSDT,32868.4294,BUY,7,0.0082,2023-01-06 21:10:55.887766+05:30
BNBUSDT,36127.39782,SELL,19,-0.0286,2023-01-06 21:11:01.154770+05:30
BCHUSDT,41743.16636,SELL,8,-0.0004,2023-01-06 21:11:01.231802+05:30
ETCUSDT,30095.898530000002,SELL,22,0.01,2023-01-06 21:11:01.378270+05:30
GALAUSDT,42792.70847,SELL,32,0.009,2023-01-06 21:11:01.950438+05:30
OCEANUSDT,32567.37611,BUY,34,-0.0437,2023-01-06 21:11:02.274943+05:30
BTCUSDT,30872.088400000004,BUY,5,0.0082,2023-01-06 21:11:02.875437+05:30
ADAUSDT,38462.97464,SELL,17,0.01,2023-01-06 21:11:02.987937+05:30
LDOUSDT,31757.274801,BUY,24,0.01,2023-01-06 21:11:34.285939+05:30
OPUSDT,31969.84106695,SELL,43,0.0082,2023-01-06 21:12:49.581945+05:30
APTUSDT,30587.393111999998,SELL,25,-0.0009,2023-01-06 21:13:25.745347+05:30
ETCUSDT,32092.80289,SELL,19,0.01,2023-01-06 21:16:25.158913+05:30
GALUSDT,30554.846380000003,SELL,37,-0.0176,2023-01-06 21:19:09.326774+05:30
TRXUSDT,46213.11381,BUY,17,-0.2832,2023-01-06 21:28:14.205399+05:30
BTCUSDT,33003.79681,BUY,18,0.0082,2023-01-06 21:28:14.923390+05:30
ETCUSDT,35473.262650000004,BUY,11,0.01,2023-01-06 21:28:20.358433+05:30
SOLUSDT,35871.05499999999,SELL,35,-0.0876,2023-01-06 21:28:20.434328+05:30
ETHUSDT,38853.31955,BUY,13,0.01,2023-01-06 21:28:22.256900+05:30
BNBUSDT,30210.3181,SELL,16,-0.0286,2023-01-06 21:29:00.112976+05:30
JASMYUSDT,32186.83251,SELL,44,0.0069,2023-01-06 21:31:33.841770+05:30
LDOUSDT,33751.097061,BUY,24,0.01,2023-01-06 21:31:43.347946+05:30
OCEANUSDT,34524.51242,BUY,8,-0.0437,2023-01-06 21:32:04.418162+05:30
ADAUSDT,30065.7009,BUY,22,0.01,2023-01-06 21:32:08.850740+05:30
ETHUSDT,35405.89986,SELL,11,0.01,2023-01-06 21:32:29.005984+05:30
TRXUSDT,35818.58999,BUY,6,-0.2832,2023-01-06 21:32:29.217290+05:30
LDOBUSD,30866.7199199,SELL,61,0.0077,2023-01-06 21:46:00.409879+05:30
RLCUSDT,31039.8967,BUY,29,-0.0358,2023-01-06 21:48:03.244148+05:30
LDOUSDT,34037.995198,BUY,30,0.01,2023-01-06 21:55:44.863288+05:30
BTCUSDT,30643.07185,SELL,16,0.0082,2023-01-06 21:55:59.848193+05:30
GALAUSDT,30427.653019999998,SELL,44,0.009,2023-01-06 22:05:38.197708+05:30
LDOUSDT,30368.98385,BUY,25,0.01,2023-01-06 22:05:46.194525+05:30
ETCUSDT,30137.96072,SELL,10,0.01,2023-01-06 22:06:18.405096+05:30
OCEANUSDT,30062.74242,BUY,26,-0.0437,2023-01-06 22:08:09.399773+05:30
OPUSDT,30153.93933745,BUY,36,0.0082,2023-01-06 22:08:50.159563+05:30
JASMYUSDT,31005.681602,BUY,44,0.0069,2023-01-06 22:10:13.839663+05:30
OCEANUSDT,30567.89913,BUY,27,-0.0437,2023-01-06 22:20:34.254286+05:30
APTUSDT,30856.445788,SELL,33,-0.0009,2023-01-06 22:20:34.467021+05:30
MASKUSDT,32106.124799999998,SELL,15,0.01,2023-01-06 22:20:36.267805+05:30
ADAUSDT,69630.23966,BUY,9,0.01,2023-01-06 22:20:36.762840+05:30
SOLUSDT,31183.6941,SELL,19,-0.0876,2023-01-06 22:20:38.723077+05:30
XMRUSDT,44434.32609,SELL,9,-0.0538,2023-01-06 22:20:39.081286+05:30
LTCUSDT,31666.77051,BUY,25,0.01,2023-01-06 22:20:40.641190+05:30
DOTUSDT,31965.6357,SELL,20,0.01,2023-01-06 22:20:40.754162+05:30
GRTUSDT,30527.33943,SELL,36,0.01,2023-01-06 22:26:23.893591+05:30
GALAUSDT,31166.78571,BUY,23,0.009,2023-01-06 22:26:27.347292+05:30
ALPHAUSDT,30088.69163,SELL,43,0.01,2023-01-06 22:27:18.170903+05:30
APTUSDT,44759.741699,BUY,6,-0.0009,2023-01-06 22:27:20.938583+05:30
BTCUSDT,34281.9939,SELL,10,0.0082,2023-01-06 22:27:21.209027+05:30
GALABUSD,31302.642981099998,SELL,59,0.01,2023-01-06 22:27:47.501157+05:30
LINKUSDT,33393.03091,SELL,24,0.0026,2023-01-06 22:27:59.201927+05:30
ETHUSDT,30661.836489999998,SELL,20,0.01,2023-01-06 22:30:16.166177+05:30
LDOUSDT,31124.860967,BUY,26,0.01,2023-01-06 22:30:23.628854+05:30
NEARUSDT,33650.563,SELL,19,0.01,2023-01-06 22:30:24.043850+05:30
ETHUSDT,80180.47761000002,BUY,6,0.01,2023-01-06 22:30:25.663137+05:30
JASMYUSDT,30675.772593,BUY,30,0.0069,2023-01-06 22:32:50.518886+05:30
APEUSDT,30197.2371,SELL,31,-0.1127,2023-01-06 22:33:11.725334+05:30
RLCUSDT,30804.00728,BUY,28,-0.0358,2023-01-06 22:35:05.198739+05:30
GALAUSDT,31057.81177,BUY,46,0.009,2023-01-06 22:36:17.588687+05:30
DYDXUSDT,66081.2146,SELL,35,0.001,2023-01-06 22:53:51.494473+05:30
GTCUSDT,31822.672,SELL,27,0.01,2023-01-06 22:55:48.713152+05:30
LDOUSDT,35599.619525,BUY,15,0.01,2023-01-06 22:56:38.864917+05:30
BTCUSDT,36583.57136,SELL,9,0.0082,2023-01-06 23:01:01.222773+05:30
ETCUSDT,34522.84127,SELL,13,0.01,2023-01-06 23:13:24.652241+05:30
ETCUSDT,30262.47044,BUY,10,0.01,2023-01-06 23:17:19.324438+05:30
ETCUSDT,38771.22294,BUY,6,0.01,2023-01-06 23:18:03.762802+05:30
RLCUSDT,31080.77749,SELL,45,-0.0358,2023-01-06 23:18:50.376565+05:30
ETCUSDT,31496.432,BUY,19,0.01,2023-01-06 23:24:26.876307+05:30
ETCUSDT,36515.09712,BUY,5,0.01,2023-01-06 23:24:52.788073+05:30
ETCUSDT,72309.62393,BUY,17,0.01,2023-01-06 23:27:30.486069+05:30
ETCUSDT,74453.70896,BUY,4,0.01,2023-01-06 23:30:14.222006+05:30
BTCUSDT,35372.0195,SELL,5,0.0082,2023-01-06 23:30:17.209877+05:30
ETCUSDT,31493.315169999998,BUY,12,0.01,2023-01-06 23:30:36.487957+05:30
ETHUSDT,47900.47671999999,BUY,14,0.01,2023-01-06 23:30:49.045274+05:30
LDOUSDT,33408.159675999996,BUY,24,0.01,2023-01-06 23:30:49.121539+05:30
SOLUSDT,30061.251,BUY,22,-0.0876,2023-01-06 23:31:02.366179+05:30
ADAUSDT,31714.8547,BUY,10,0.01,2023-01-06 23:31:03.792526+05:30
LDOBUSD,32517.7099642,BUY,43,0.0077,2023-01-06 23:31:05.761923+05:30
NEARUSDT,136491.3826,BUY,9,0.01,2023-01-06 23:31:06.092235+05:30
ETHUSDT,120714.81313,BUY,5,0.01,2023-01-06 23:31:07.371041+05:30
JASMYUSDT,32111.782399,BUY,30,0.0069,2023-01-06 23:32:42.321576+05:30
ETCUSDT,31636.38013,BUY,23,0.01,2023-01-06 23:32:42.618257+05:30
BNBUSDT,30056.21949,SELL,37,-0.0286,2023-01-06 23:32:44.286553+05:30
BTCUSDT,30199.104470000002,SELL,9,0.0082,2023-01-06 23:32:59.005725+05:30
ETHUSDT,38231.64463,BUY,7,0.01,2023-01-06 23:33:00.962475+05:30
OPUSDT,30786.33919351,BUY,57,0.0082,2023-01-06 23:35:18.189892+05:30
OCEANUSDT,30954.918210000003,BUY,19,-0.0437,2023-01-06 23:36:22.799153+05:30
ETCBUSD,32776.596671,SELL,51,0.0015,2023-01-06 23:36:24.497504+05:30
ETHUSDT,45299.997950000004,BUY,3,0.01,2023-01-06 23:36:25.322273+05:30
BTCUSDT,46532.359599999996,SELL,4,0.0082,2023-01-06 23:36:25.400329+05:30
ZECUSDT,31915.33015,SELL,32,-0.0005,2023-01-06 23:37:27.484393+05:30
NEARUSDT,33230.587,BUY,12,0.01,2023-01-06 23:37:38.181795+05:30
DYDXUSDT,30139.1449,SELL,22,0.001,2023-01-06 23:38:03.396374+05:30
DOGEUSDT,283501.86985,SELL,28,0.01,2023-01-06 23:38:17.949612+05:30
1000SHIBUSDT,30217.034889,SELL,52,0.01,2023-01-06 23:38:18.735335+05:30
ETHUSDT,119044.43125,BUY,5,0.01,2023-01-06 23:38:19.160425+05:30
ETHUSDT,81290.16928,BUY,1,0.01,2023-01-06 23:38:20.219945+05:30
SOLUSDT,63237.0763,BUY,14,-0.0876,2023-01-06 23:38:20.299811+05:30
ETCUSDT,30726.34076,BUY,18,0.01,2023-01-06 23:38:24.464899+05:30
ETHUSDT,30546.76465,BUY,1,0.01,2023-01-06 23:38:24.541213+05:30
BTCUSDT,46637.9961,BUY,3,0.0082,2023-01-06 23:38:30.729530+05:30
OPUSDT,30425.2252996,BUY,17,0.0082,2023-01-06 23:38:47.841084+05:30
XRPUSDT,30887.256970000002,SELL,23,0.01,2023-01-06 23:52:28.573319+05:30
FILUSDT,39602.914000000004,SELL,19,0.01,2023-01-06 23:53:00.704659+05:30
ETHUSDT,72945.71307,BUY,7,0.01,2023-01-06 23:55:02.202345+05:30
ETHUSDT,63365.451120000005,BUY,1,0.01,2023-01-06 23:55:03.359441+05:30
ADAUSDT,32451.0822,BUY,9,0.01,2023-01-06 23:55:03.437044+05:30
LTCUSDT,34585.6181,SELL,22,0.01,2023-01-06 23:55:07.638690+05:30
BTCUSDT,71571.97260000001,BUY,9,0.0082,2023-01-06 23:55:07.714592+05:30
DYDXUSDT,33324.0475,BUY,24,0.001,2023-01-06 23:55:07.893869+05:30
TRXUSDT,51939.42001,SELL,15,-0.2832,2023-01-06 23:55:08.003590+05:30
NEARUSDT,30010.3294,BUY,9,0.01,2023-01-06 23:55:08.079194+05:30
APTUSDT,35321.806455,BUY,16,-0.0009,2023-01-06 23:56:42.295450+05:30
APTUSDT,33048.828779,BUY,15,-0.0009,2023-01-07 00:00:33.559500+05:30
ETHUSDT,51489.663530000005,BUY,8,0.01,2023-01-07 00:01:18.982894+05:30
APTUSDT,40366.437567,BUY,10,-0.0009,2023-01-07 00:01:23.273795+05:30
XRPUSDT,72200.94830999999,BUY,14,0.01,2023-01-07 00:03:09.243816+05:30
LDOUSDT,30317.585955,BUY,32,0.01,2023-01-07 00:04:16.143614+05:30
GMTUSDT,43148.52763,SELL,22,-0.0048,2023-01-07 00:04:48.238644+05:30
APTUSDT,30113.05705,BUY,17,-0.0009,2023-01-07 00:05:08.246726+05:30
LDOUSDT,35140.973031,BUY,11,0.01,2023-01-07 00:06:56.189017+05:30
CELOUSDT,30448.521099999998,SELL,41,0.0078,2023-01-07 00:42:28.597864+05:30
ETHUSDT,259996.47227000003,BUY,8,0.01,2023-01-07 00:55:58.974353+05:30
TRXUSDT,119591.73088,BUY,2,-0.2832,2023-01-07 00:55:59.053794+05:30
BTCUSDT,272266.52285,BUY,14,0.0082,2023-01-07 00:55:59.131351+05:30
BTCUSDT,219228.07340000002,BUY,2,0.0082,2023-01-07 00:56:05.054577+05:30
SANDUSDT,182526.81305000003,SELL,23,0.01,2023-01-07 00:56:05.133755+05:30
BTCUSDT,52077.75599,BUY,2,0.0082,2023-01-07 01:06:57.166600+05:30
ETHUSDT,104161.50663999999,BUY,5,0.01,2023-01-07 01:07:44.570969+05:30
BTCUSDT,32599.01762,BUY,6,0.0082,2023-01-07 01:07:47.934124+05:30
AVAXUSDT,41075.285,SELL,52,0.01,2023-01-07 01:07:48.719590+05:30
EOSUSDT,30966.865299999998,SELL,27,0.01,2023-01-07 01:07:48.796866+05:30
NEARUSDT,32500.0932,BUY,13,0.01,2023-01-07 01:09:31.428169+05:30
BTCUSDT,30520.739499999996,BUY,7,0.0082,2023-01-07 01:09:32.232655+05:30
CHZUSDT,31227.57404,SELL,29,0.0035,2023-01-07 01:09:32.794513+05:30
XRPUSDT,34971.75499,SELL,13,0.01,2023-01-07 01:09:37.454848+05:30
MASKUSDT,30372.4532,SELL,17,0.01,2023-01-07 01:09:40.312720+05:30
BTCUSDT,32195.810000000005,BUY,5,0.0082,2023-01-07 01:09:56.293910+05:30
ETHUSDT,30773.93962,BUY,11,0.01,2023-01-07 01:10:06.623828+05:30
GALAUSDT,37492.73061,BUY,37,0.009,2023-01-07 01:10:15.274557+05:30
ETHBUSD,37345.11225,SELL,35,0.0061,2023-01-07 01:10:16.350011+05:30
BNBUSDT,31481.977509999997,SELL,13,-0.0286,2023-01-07 01:10:19.512128+05:30
ETCUSDT,30627.34447,SELL,15,0.01,2023-01-07 01:10:20.136217+05:30
ADAUSDT,31661.41,BUY,15,0.01,2023-01-07 01:10:22.784665+05:30
SOLUSDT,41810.1954,SELL,20,-0.0876,2023-01-07 01:10:23.012261+05:30
BTCUSDT,50342.77362000001,BUY,12,0.0082,2023-01-07 01:15:14.259759+05:30
GALABUSD,30026.8122962,SELL,46,0.01,2023-01-07 01:15:46.692610+05:30
BTCUSDT,79493.87279999998,BUY,12,0.0082,2023-01-07 01:16:09.032870+05:30
TRXUSDT,31997.86362,SELL,12,-0.2832,2023-01-07 01:17:13.176196+05:30
MATICUSDT,30845.43326,SELL,32,0.01,2023-01-07 01:18:37.337020+05:30
ETHUSDT,32859.85994,BUY,14,0.01,2023-01-07 01:18:39.265388+05:30
OCEANUSDT,39872.70039,SELL,17,-0.0437,2023-01-07 01:19:24.206563+05:30
ETHUSDT,31072.6345,BUY,3,0.01,2023-01-07 01:19:24.320367+05:30
LTCUSDT,78501.09005,BUY,13,0.01,2023-01-07 01:19:24.398794+05:30
KAVAUSDT,31161.236340000003,SELL,30,-0.027,2023-01-07 01:19:24.620859+05:30
MASKUSDT,30755.0944,SELL,9,0.01,2023-01-07 01:20:07.530976+05:30
LINKUSDT,31213.567430000003,SELL,16,0.0026,2023-01-07 01:21:27.934581+05:30
GALAUSDT,30485.610370000002,BUY,16,0.009,2023-01-07 01:23:30.173617+05:30
XRPBUSD,34547.211240000004,SELL,17,-0.0048,2023-01-07 01:23:44.301370+05:30
TRXUSDT,31944.15918,SELL,19,-0.2832,2023-01-07 01:24:06.230176+05:30
TRXUSDT,52375.96895,BUY,1,-0.2832,2023-01-07 01:24:09.159268+05:30
BTCUSDT,30800.666100000002,SELL,16,0.0082,2023-01-07 01:24:10.957903+05:30
ETHUSDT,98085.54211,BUY,4,0.01,2023-01-07 01:24:12.660069+05:30
GRTUSDT,32231.97693,BUY,18,0.01,2023-01-07 01:24:13.530504+05:30
BANDUSDT,30367.60776,SELL,41,0.01,2023-01-07 01:24:13.785554+05:30
HNTUSDT,30610.9301,SELL,25,-0.9916,2023-01-07 01:26:42.572627+05:30
DGBUSDT,30991.65378,SELL,9,-0.0249,2023-01-07 01:30:02.410256+05:30
1000LUNCBUSD,34965.8367518,SELL,52,0.01,2023-01-07 01:30:21.005462+05:30
SANDUSDT,99885.21467,BUY,7,0.01,2023-01-07 01:30:29.119401+05:30
DOTUSDT,32685.4195,SELL,19,0.01,2023-01-07 01:30:29.624241+05:30
BTCUSDT,222934.9628,SELL,12,0.0082,2023-01-07 01:31:42.805045+05:30
BTCUSDT,33015.3876,BUY,4,0.0082,2023-01-07 01:31:53.311352+05:30
ETCUSDT,30650.357130000004,BUY,12,0.01,2023-01-07 01:31:55.171597+05:30
1000LUNCUSDT,30155.924813999998,SELL,53,0.0056,2023-01-07 01:32:05.177801+05:30
BTCUSDT,50455.45648000001,BUY,1,0.0082,2023-01-07 01:32:06.199557+05:30
BNBUSDT,31773.51419,SELL,13,-0.0286,2023-01-07 01:32:13.245180+05:30
GALAUSDT,44167.56373,BUY,19,0.009,2023-01-07 01:32:16.677129+05:30
LDOUSDT,32330.841376,BUY,30,0.01,2023-01-07 01:32:34.012798+05:30
ETHUSDT,30247.89817,BUY,14,0.01,2023-01-07 01:32:34.091025+05:30
NEARUSDT,33035.378,BUY,12,0.01,2023-01-07 01:32:34.601963+05:30
SOLUSDT,47682.9907,BUY,16,-0.0876,2023-01-07 01:32:36.769099+05:30
ALGOUSDT,30566.98057,SELL,26,0.01,2023-01-07 01:32:36.848384+05:30
BTCUSDT,32811.9786,BUY,15,0.0082,2023-01-07 01:32:37.549233+05:30
FILUSDT,40268.8488,BUY,4,0.01,2023-01-07 01:32:40.055286+05:30
GMTUSDT,30697.721400000002,SELL,15,-0.0048,2023-01-07 01:32:40.801894+05:30
GALABUSD,31133.9488088,BUY,30,0.01,2023-01-07 01:33:35.646377+05:30
ATOMUSDT,49726.310110000006,SELL,30,0.0092,2023-01-07 01:45:34.398059+05:30
MASKUSDT,32060.837199999998,BUY,29,0.01,2023-01-07 01:50:39.854652+05:30
ETHUSDT,37646.85725,SELL,8,0.01,2023-01-07 01:57:23.219539+05:30
BTCUSDT,30169.828589999997,SELL,14,0.0082,2023-01-07 01:57:31.703770+05:30
BNBBUSD,34928.459429999995,SELL,5,-0.014,2023-01-07 02:15:06.889903+05:30
BTCUSDT,30604.42271,SELL,8,0.0082,2023-01-07 02:21:03.276137+05:30
ETHUSDT,31081.91445,SELL,18,0.01,2023-01-07 02:21:04.590454+05:30
BTCUSDT,45792.5479,SELL,13,0.0082,2023-01-07 02:27:31.270817+05:30
ETHUSDT,60837.25084000001,SELL,8,0.01,2023-01-07 02:27:47.121691+05:30
AUDIOUSDT,30039.441,SELL,44,-0.0053,2023-01-07 02:30:18.248376+05:30
RLCUSDT,31123.22398,SELL,23,-0.0358,2023-01-07 03:34:19.941261+05:30
LDOBUSD,32880.162781499996,SELL,26,0.0077,2023-01-07 03:44:16.235877+05:30
LDOUSDT,33783.220647,BUY,23,0.01,2023-01-07 03:44:17.783500+05:30
GALAUSDT,30334.60213,BUY,38,0.009,2023-01-07 03:44:18.713816+05:30
LDOUSDT,98106.835179,BUY,6,0.01,2023-01-07 03:44:38.199355+05:30
OCEANUSDT,30319.376210000002,SELL,21,-0.0437,2023-01-07 03:44:46.478280+05:30
GALAUSDT,30749.70432,BUY,11,0.009,2023-01-07 03:55:14.998436+05:30
BTCUSDT,34372.5527,SELL,14,0.0082,2023-01-07 03:55:15.079062+05:30
ETCUSDT,30294.10713,SELL,34,0.01,2023-01-07 04:05:33.938594+05:30
SANDUSDT,56882.58407,SELL,10,0.01,2023-01-07 04:05:44.489422+05:30
SANDUSDT,39482.49545,BUY,2,0.01,2023-01-07 04:07:12.764690+05:30
GALABUSD,31064.3226055,BUY,29,0.01,2023-01-07 04:10:42.429601+05:30
BTCUSDT,33825.427,BUY,10,0.0082,2023-01-07 04:12:09.296010+05:30
GALAUSDT,41997.610440000004,BUY,26,0.009,2023-01-07 04:12:17.180178+05:30
JASMYUSDT,30502.723953,SELL,35,0.0069,2023-01-07 04:12:17.715376+05:30
BTCUSDT,31078.887600000002,BUY,2,0.0082,2023-01-07 04:14:21.216121+05:30
FTMUSDT,30959.005372,SELL,31,0.0064,2023-01-07 04:14:42.559173+05:30
LTCUSDT,30198.91384,SELL,16,0.01,2023-01-07 04:14:54.552831+05:30
ETHUSDT,30773.980219999998,SELL,19,0.01,2023-01-07 04:14:56.737417+05:30
XRPUSDT,31637.50664,SELL,32,0.01,2023-01-07 04:16:48.417848+05:30
ETCUSDT,30159.192870000003,BUY,20,0.01,2023-01-07 04:17:13.875055+05:30
ETHUSDT,37068.47015,SELL,4,0.01,2023-01-07 04:18:15.655129+05:30
GALAUSDT,30505.84852,BUY,28,0.009,2023-01-07 04:18:16.666103+05:30
XMRUSDT,31030.39016,BUY,18,-0.0538,2023-01-07 04:19:54.146203+05:30
APEUSDT,30096.4578,SELL,21,-0.1127,2023-01-07 04:19:58.345772+05:30
ETCUSDT,34385.91027,BUY,15,0.01,2023-01-07 04:19:58.424468+05:30
BCHUSDT,36695.33928,SELL,25,-0.0004,2023-01-07 04:19:59.745315+05:30
AXSUSDT,30710.26401,SELL,43,0.0055,2023-01-07 04:20:00.477628+05:30
ETCBUSD,31833.3555019,BUY,21,0.0015,2023-01-07 04:20:00.593599+05:30
AUDIOUSDT,32563.4836,SELL,14,-0.0053,2023-01-07 04:20:01.551766+05:30
NEARUSDT,35615.6776,SELL,16,0.01,2023-01-07 04:20:03.007175+05:30
XRPUSDT,31107.46476,SELL,16,0.01,2023-01-07 04:20:26.605029+05:30
XRPUSDT,76559.43535999999,BUY,2,0.01,2023-01-07 04:20:35.000370+05:30
LDOUSDT,31826.224609,BUY,37,0.01,2023-01-07 04:21:02.693806+05:30
BTCUSDT,31352.316779999997,SELL,13,0.0082,2023-01-07 04:21:07.296684+05:30
BTCUSDT,41486.122449999995,BUY,4,0.0082,2023-01-07 04:21:36.575067+05:30
MANAUSDT,31424.9073,SELL,25,0.01,2023-01-07 04:25:29.166380+05:30
ADAUSDT,30190.9562,SELL,38,0.01,2023-01-07 04:27:06.692612+05:30
GALABUSD,30004.615303399998,BUY,32,0.01,2023-01-07 04:27:11.167357+05:30
GMTUSDT,64368.76677999999,SELL,17,-0.0048,2023-01-07 04:27:25.078479+05:30
ZILUSDT,30205.41953,SELL,19,0.0092,2023-01-07 04:37:25.470062+05:30
BTCUSDT,46038.59147,SELL,10,0.0082,2023-01-07 04:41:58.485849+05:30
ETHUSDT,30873.824289999997,BUY,11,0.01,2023-01-07 04:41:59.663478+05:30
BTCUSDT,32249.96708,BUY,2,0.0082,2023-01-07 04:42:00.639738+05:30
XRPUSDT,30130.92124,BUY,21,0.01,2023-01-07 04:42:01.361627+05:30
1INCHUSDT,30107.069399999997,SELL,28,0.01,2023-01-07 04:42:02.874986+05:30
OPUSDT,33579.44001233,BUY,36,0.0082,2023-01-07 04:42:04.423603+05:30
ETHUSDT,63802.44322,BUY,4,0.01,2023-01-07 04:43:28.051338+05:30
BNBUSDT,66820.12276000001,SELL,21,-0.0286,2023-01-07 04:43:28.133185+05:30
NEARUSDT,66546.7638,BUY,16,0.01,2023-01-07 04:43:29.384502+05:30
LTCUSDT,65984.13384,SELL,7,0.01,2023-01-07 04:43:29.465071+05:30
GMTUSDT,69029.84927,BUY,15,-0.0048,2023-01-07 04:43:29.546775+05:30
SOLUSDT,114067.07269999999,SELL,27,-0.0876,2023-01-07 04:43:29.626348+05:30
ETCUSDT,39326.66257,BUY,17,0.01,2023-01-07 04:44:37.240962+05:30
NEARBUSD,31928.04348564,SELL,38,0.01,2023-01-07 04:44:59.387328+05:30
NEARUSDT,38295.310000000005,BUY,14,0.01,2023-01-07 04:49:14.375277+05:30
RLCUSDT,31496.36029,SELL,29,-0.0358,2023-01-07 04:50:00.220544+05:30
LTCUSDT,31569.28934,BUY,15,0.01,2023-01-07 04:54:02.607584+05:30
SUSHIUSDT,31229.228,SELL,47,0.01,2023-01-07 04:54:14.508355+05:30
ALPHAUSDT,30365.41285,BUY,35,0.01,2023-01-07 04:54:26.327044+05:30
ADAUSDT,31099.15306,BUY,18,0.01,2023-01-07 04:55:27.338016+05:30
GALAUSDT,32226.24165,SELL,32,0.009,2023-01-07 05:00:23.657633+05:30
ETCUSDT,32754.0274,SELL,20,0.01,2023-01-07 05:03:24.494879+05:30
UNIUSDT,30001.431500000002,SELL,43,0.0052,2023-01-07 05:36:02.517083+05:30
JASMYUSDT,31779.773582,SELL,34,0.0069,2023-01-07 05:41:59.541200+05:30
ETHUSDT,34463.36459,BUY,12,0.01,2023-01-07 05:46:24.716548+05:30
ARUSDT,34577.7648,SELL,59,0.01,2023-01-07 05:48:10.084481+05:30
JASMYUSDT,32258.698231000002,BUY,32,0.0069,2023-01-07 05:53:15.559563+05:30
OPUSDT,35121.91691139,BUY,25,0.0082,2023-01-07 05:58:41.262578+05:30
ETCUSDT,46053.2472,SELL,12,0.01,2023-01-07 06:01:03.972506+05:30
FTMUSDT,32414.875337999998,BUY,19,0.0064,2023-01-07 06:01:35.219265+05:30
REEFUSDT,33499.463162,SELL,63,0.01,2023-01-07 06:05:14.958838+05:30
SANDUSDT,33546.65915,SELL,35,0.01,2023-01-07 06:10:45.068542+05:30
C98USDT,32877.5271,SELL,46,0.01,2023-01-07 06:11:23.440967+05:30
MATICUSDT,32793.94372,SELL,27,0.01,2023-01-07 06:14:17.297863+05:30
SANDUSDT,129764.41668,BUY,4,0.01,2023-01-07 06:21:57.437705+05:30
FTMUSDT,35136.235536,BUY,15,0.0064,2023-01-07 06:22:27.038251+05:30
1000SHIBUSDT,71578.223842,SELL,16,0.01,2023-01-07 06:24:16.204467+05:30
FTMUSDT,163613.743504,BUY,7,0.0064,2023-01-07 06:24:39.447554+05:30
TRXUSDT,32110.70212,SELL,30,-0.2832,2023-01-07 06:24:43.101690+05:30
BTCUSDT,30715.61627,SELL,13,0.0082,2023-01-07 06:26:22.876126+05:30
SUSHIUSDT,33674.626000000004,BUY,40,0.01,2023-01-07 06:26:24.291094+05:30
ETHUSDT,30075.01078,SELL,5,0.01,2023-01-07 06:26:24.482908+05:30
MATICUSDT,30603.124699999997,BUY,12,0.01,2023-01-07 06:26:24.817823+05:30
BTCBUSD,30343.2186,SELL,15,-0.0066,2023-01-07 06:26:25.078917+05:30
DOGEUSDT,79894.466992,SELL,38,0.01,2023-01-07 06:26:47.340612+05:30
FILUSDT,47252.9982,SELL,9,0.01,2023-01-07 06:28:23.402972+05:30
MANAUSDT,35410.7313,BUY,30,0.01,2023-01-07 06:29:06.130338+05:30
DOGEBUSD,35115.644818,SELL,16,0.01,2023-01-07 06:29:32.240762+05:30
BNBUSDT,36149.91513,SELL,23,-0.0286,2023-01-07 06:29:34.310390+05:30
GMTUSDT,91428.8901,BUY,13,-0.0048,2023-01-07 06:29:36.217424+05:30
KNCUSDT,32052.165979999998,SELL,30,0.01,2023-01-07 06:29:36.563796+05:30
SANDUSDT,30452.0981,BUY,28,0.01,2023-01-07 06:29:36.710444+05:30
BNBBUSD,52003.3171,SELL,16,-0.014,2023-01-07 06:29:43.020840+05:30
GMTUSDT,30090.7436,BUY,11,-0.0048,2023-01-07 06:31:34.222580+05:30
AXSUSDT,53601.93036,BUY,13,0.0055,2023-01-07 06:32:21.985279+05:30
MANAUSDT,32277.2196,BUY,21,0.01,2023-01-07 06:34:11.665673+05:30
SANDUSDT,34014.2292,BUY,23,0.01,2023-01-07 06:34:21.826713+05:30
IOTAUSDT,30112.06132,SELL,41,0.01,2023-01-07 06:36:10.429601+05:30
ETHUSDT,31193.483360000002,BUY,10,0.01,2023-01-07 06:41:26.778457+05:30
FTMUSDT,67177.796309,BUY,19,0.0064,2023-01-07 06:41:30.945901+05:30
CHRUSDT,30253.6579,SELL,28,0.01,2023-01-07 06:48:38.418733+05:30
AXSUSDT,31977.86872,BUY,42,0.0055,2023-01-07 06:57:44.740806+05:30
GALAUSDT,33793.26282,SELL,42,0.009,2023-01-07 07:07:07.494099+05:30
CRVUSDT,81358.5571,SELL,19,0.01,2023-01-07 07:07:19.823813+05:30
LINKUSDT,37985.54563,SELL,28,0.0026,2023-01-07 07:12:22.533768+05:30
BTCUSDT,38765.6177,BUY,10,0.0082,2023-01-07 07:12:32.188232+05:30
LINKUSDT,33445.78437,BUY,11,0.0026,2023-01-07 07:17:01.077262+05:30
ZENUSDT,31700.4799,SELL,26,-0.0096,2023-01-07 07:29:26.049963+05:30
1000SHIBUSDT,31213.411457,BUY,36,0.01,2023-01-07 07:32:44.283078+05:30
1000SHIBUSDT,30367.53943,BUY,3,0.01,2023-01-07 07:33:14.758211+05:30
GMTUSDT,75162.86094,BUY,14,-0.0048,2023-01-07 08:11:44.696026+05:30
FTMUSDT,37911.5285,BUY,8,0.0064,2023-01-07 08:12:33.579056+05:30
OCEANUSDT,39979.51853,SELL,27,-0.0437,2023-01-07 08:12:33.660000+05:30
FTMUSDT,37420.254744,BUY,5,0.0064,2023-01-07 08:17:24.364156+05:30
MANAUSDT,63973.64399999999,BUY,17,0.01,2023-01-07 08:17:50.947804+05:30
FTMUSDT,50847.784756,BUY,4,0.0064,2023-01-07 08:18:17.287477+05:30
MASKUSDT,30745.7884,SELL,29,0.01,2023-01-07 08:18:18.829691+05:30
LPTUSDT,31553.9298,SELL,20,-0.0584,2023-01-07 08:34:40.784925+05:30
LDOUSDT,30955.681495999997,SELL,26,0.01,2023-01-07 08:37:36.553307+05:30
ANTUSDT,30240.9525,SELL,42,0.0018,2023-01-07 08:49:16.544923+05:30
GALABUSD,30081.8429833,SELL,52,0.01,2023-01-07 09:46:44.231288+05:30
LTCUSDT,30360.59867,SELL,20,0.01,2023-01-07 09:46:55.209893+05:30
MANAUSDT,39560.695999999996,BUY,18,0.01,2023-01-07 10:12:38.953951+05:30
SOLUSDT,32967.6833,SELL,45,-0.0876,2023-01-07 10:15:56.299179+05:30
ETCUSDT,30248.60872,SELL,20,0.01,2023-01-07 10:54:02.708986+05:30
ETCUSDT,30167.52846,SELL,6,0.01,2023-01-07 10:54:41.666978+05:30
MANAUSDT,33310.7981,BUY,36,0.01,2023-01-07 10:56:07.514229+05:30
ENJUSDT,35103.16695,SELL,23,0.0074,2023-01-07 11:26:02.282032+05:30
ETHUSDT,38805.02336000001,SELL,20,0.01,2023-01-07 11:32:24.825613+05:30
GALAUSDT,31172.76398,SELL,44,0.009,2023-01-07 11:56:04.203432+05:30
KAVAUSDT,30869.548170000002,SELL,36,-0.027,2023-01-07 12:50:16.339936+05:30
WOOUSDT,30565.57041,SELL,49,-0.0046,2023-01-07 13:14:07.513247+05:30
DASHUSDT,30909.47792,SELL,61,0.01,2023-01-07 13:22:47.581582+05:30
FILUSDT,30494.2895,SELL,8,0.01,2023-01-07 13:23:31.023638+05:30
ONEUSDT,34154.34568,SELL,20,-0.071,2023-01-07 13:32:04.785008+05:30
NEARUSDT,137180.2326,SELL,14,0.01,2023-01-07 14:31:31.714798+05:30
SPELLUSDT,31410.9122375,SELL,41,0.01,2023-01-07 14:48:56.195147+05:30
OGNUSDT,35930.903900000005,SELL,20,0.01,2023-01-07 14:55:21.970560+05:30
ADAUSDT,30888.6206,SELL,24,0.01,2023-01-07 15:14:17.122376+05:30
GALABUSD,30419.7551543,SELL,34,0.01,2023-01-07 16:44:04.622048+05:30
CELOUSDT,31134.5745,SELL,31,0.0078,2023-01-07 18:36:51.350460+05:30
ETCUSDT,30545.12198,SELL,17,0.01,2023-01-07 18:45:32.370248+05:30
APEUSDT,40664.224,SELL,42,-0.1127,2023-01-07 18:59:00.374562+05:30
ETCUSDT,32457.67898,BUY,18,0.01,2023-01-07 19:00:32.459141+05:30
SNXUSDT,38706.3575,SELL,60,0.0001,2023-01-07 19:02:22.269736+05:30
KAVAUSDT,30511.92989,BUY,45,-0.027,2023-01-07 19:04:28.470929+05:30
JASMYUSDT,30458.17037,SELL,61,0.0069,2023-01-07 19:04:48.528876+05:30
SANDUSDT,31244.77809,SELL,34,0.01,2023-01-07 19:28:09.405506+05:30
SANDUSDT,31002.65068,SELL,4,0.01,2023-01-07 19:28:26.638830+05:30
ETCUSDT,33303.62381,SELL,12,0.01,2023-01-07 19:35:32.168146+05:30
UNFIUSDT,30120.8289,SELL,40,0.0066,2023-01-07 19:40:31.099855+05:30
APEUSDT,38204.3511,BUY,14,-0.1127,2023-01-07 20:30:35.393970+05:30
APEUSDT,126422.2825,BUY,11,-0.1127,2023-01-07 20:34:47.644990+05:30
BTCUSDT,71545.13003,SELL,16,0.0082,2023-01-07 20:36:09.069426+05:30
ALGOUSDT,30467.45587,SELL,52,0.01,2023-01-07 20:38:19.534664+05:30
APEUSDT,30257.4244,BUY,19,-0.1127,2023-01-07 20:42:59.363107+05:30
RLCUSDT,30557.74572,SELL,38,-0.0358,2023-01-07 21:31:55.678464+05:30
ALPHAUSDT,44135.21629,SELL,21,0.01,2023-01-07 22:04:24.511434+05:30
ETCUSDT,34149.333060000004,SELL,19,0.01,2023-01-07 22:15:15.297744+05:30
DYDXUSDT,37675.609599999996,SELL,31,0.001,2023-01-07 22:32:03.282711+05:30
COTIUSDT,30019.2173,SELL,37,-0.0227,2023-01-07 22:34:52.523509+05:30
RLCUSDT,30970.910470000003,BUY,33,-0.0358,2023-01-07 22:59:14.493999+05:30
RLCUSDT,31821.13056,BUY,19,-0.0358,2023-01-08 00:16:37.449558+05:30
RLCUSDT,30151.54503,BUY,25,-0.0358,2023-01-08 02:14:07.853810+05:30
OCEANUSDT,48044.77474,SELL,55,-0.0437,2023-01-08 02:43:55.360044+05:30
OCEANUSDT,31095.5381,BUY,41,-0.0437,2023-01-08 03:21:46.364360+05:30
MASKUSDT,34150.97,SELL,27,0.01,2023-01-08 03:51:26.010848+05:30
GALAUSDT,33641.93988,SELL,39,0.009,2023-01-08 03:51:26.091551+05:30
ETHUSDT,30471.6037,SELL,14,0.01,2023-01-08 03:52:28.050447+05:30
OCEANUSDT,31535.917800000003,BUY,19,-0.0437,2023-01-08 03:52:36.233265+05:30
ETCUSDT,41267.59418,SELL,14,0.01,2023-01-08 03:55:33.731262+05:30
OCEANUSDT,33359.81806,BUY,33,-0.0437,2023-01-08 04:42:25.306492+05:30
XRPUSDT,58278.17117,SELL,15,0.01,2023-01-08 04:42:53.419242+05:30
GALAUSDT,30551.66465,SELL,32,0.009,2023-01-08 04:59:15.244556+05:30
GRTUSDT,31960.96097,BUY,28,0.01,2023-01-08 05:20:57.153627+05:30
ADAUSDT,30064.895800000002,SELL,29,0.01,2023-01-08 05:37:31.353802+05:30
RLCUSDT,33018.11156,BUY,20,-0.0358,2023-01-08 05:38:30.487687+05:30
ATAUSDT,30977.202899999997,SELL,34,0.01,2023-01-08 05:41:21.700351+05:30
SANDUSDT,40499.324609999996,SELL,24,0.01,2023-01-08 05:46:16.270666+05:30
SANDUSDT,52567.76062,SELL,4,0.01,2023-01-08 05:50:01.223445+05:30
MANAUSDT,31008.6796,SELL,35,0.01,2023-01-08 05:53:59.089453+05:30
MANAUSDT,58701.715,SELL,7,0.01,2023-01-08 06:02:19.590762+05:30
ALICEUSDT,30517.900700000002,SELL,58,-0.0008,2023-01-08 06:02:29.469184+05:30
MANAUSDT,48380.8735,SELL,3,0.01,2023-01-08 06:02:58.698711+05:30
SANDUSDT,31710.4552,SELL,20,0.01,2023-01-08 06:03:18.426274+05:30
ETCUSDT,30724.667410000002,SELL,17,0.01,2023-01-08 06:09:38.197125+05:30
AXSUSDT,30226.512450000002,SELL,22,0.0055,2023-01-08 06:10:26.280370+05:30
UNFIUSDT,33889.9226,SELL,37,0.0066,2023-01-08 06:10:26.499141+05:30
BTCUSDT,75836.43023,SELL,13,0.0082,2023-01-08 06:10:27.190348+05:30
GALABUSD,30389.1338503,SELL,50,0.01,2023-01-08 06:10:27.273063+05:30
BNBUSDT,37362.172869999995,SELL,11,-0.0286,2023-01-08 06:10:28.831607+05:30
DOTUSDT,66178.2933,SELL,36,0.01,2023-01-08 06:10:30.769824+05:30
BTCUSDT,74232.4964,SELL,2,0.0082,2023-01-08 06:10:30.851997+05:30
GMTUSDT,44156.018,SELL,36,-0.0048,2023-01-08 06:10:36.326475+05:30
APEUSDT,38573.0206,SELL,18,-0.1127,2023-01-08 06:10:36.600610+05:30
GMTUSDT,30929.11216,SELL,1,-0.0048,2023-01-08 06:10:38.441773+05:30
BAKEUSDT,30252.291100000002,SELL,52,0.0082,2023-01-08 06:10:39.304275+05:30
RLCUSDT,37513.31308,SELL,21,-0.0358,2023-01-08 06:33:49.457418+05:30
OCEANUSDT,31303.85048,SELL,22,-0.0437,2023-01-08 07:03:47.348084+05:30
OCEANUSDT,31762.24901,SELL,19,-0.0437,2023-01-08 07:52:45.297833+05:30
SNXUSDT,32906.4576,SELL,41,0.0001,2023-01-08 08:22:46.380930+05:30
MANAUSDT,31121.452100000002,SELL,20,0.01,2023-01-08 09:48:00.373579+05:30
MANAUSDT,48493.3932,BUY,1,0.01,2023-01-08 09:48:03.323502+05:30
SANDUSDT,35823.20852,SELL,15,0.01,2023-01-08 09:48:04.817828+05:30
MANAUSDT,51981.6325,BUY,3,0.01,2023-01-08 09:49:20.496821+05:30
MANAUSDT,53548.58800000001,BUY,3,0.01,2023-01-08 10:20:29.214200+05:30
CVXUSDT,30492.300865,SELL,44,-0.3795,2023-01-08 10:44:55.206470+05:30
FILUSDT,31189.095199999996,SELL,5,0.01,2023-01-08 10:59:31.005179+05:30
FILUSDT,30768.7035,BUY,11,0.01,2023-01-08 11:11:29.667055+05:30
LINKUSDT,39177.03082,SELL,29,0.0026,2023-01-08 11:24:36.618977+05:30
RLCUSDT,30081.24714,SELL,34,-0.0358,2023-01-08 11:38:36.240103+05:30
GRTUSDT,31456.38971,SELL,27,0.01,2023-01-08 11:56:00.471872+05:30
GRTUSDT,32463.198940000002,BUY,33,0.01,2023-01-08 12:27:09.830290+05:30
MKRUSDT,33161.54587,SELL,44,0.0076,2023-01-08 12:38:26.432743+05:30
GRTUSDT,39130.44265,BUY,32,0.01,2023-01-08 13:13:55.274007+05:30
AAVEUSDT,31395.434100000002,SELL,28,0.01,2023-01-08 13:36:26.424254+05:30
ETHUSDT,30215.97059,SELL,18,0.01,2023-01-08 13:40:10.589994+05:30
ZECUSDT,42333.087060000005,SELL,43,-0.0005,2023-01-08 13:59:35.183718+05:30
MASKUSDT,35809.356,SELL,10,0.01,2023-01-08 13:59:35.264468+05:30
LDOUSDT,35556.746002,SELL,41,0.01,2023-01-08 14:00:21.359410+05:30
BTCUSDT,38685.2833,SELL,8,0.0082,2023-01-08 14:00:21.893659+05:30
LDOBUSD,32291.4645484,SELL,45,0.0077,2023-01-08 14:00:23.463417+05:30
SOLBUSD,32343.4768,SELL,29,-0.0892,2023-01-08 14:00:25.684318+05:30
NEARUSDT,30744.168999999998,SELL,26,0.01,2023-01-08 14:00:26.317118+05:30
GRTUSDT,37831.05132,BUY,22,0.01,2023-01-08 14:00:34.097218+05:30
DOGEUSDT,31030.99361,SELL,21,0.01,2023-01-08 14:00:38.084122+05:30
COMPUSDT,31586.4248,SELL,32,0.01,2023-01-08 14:00:38.314575+05:30
SANDUSDT,44423.19885,SELL,12,0.01,2023-01-08 14:00:38.396584+05:30
PHBBUSD,30089.2738622,SELL,43,0.01,2023-01-08 14:00:38.768585+05:30
ETCUSDT,30104.166989999998,SELL,18,0.01,2023-01-08 14:00:39.756011+05:30
BTCUSDT,35675.29182,SELL,6,0.0082,2023-01-08 14:00:40.853181+05:30
CHZUSDT,31375.299909999998,SELL,46,0.0035,2023-01-08 14:00:41.726327+05:30
OCEANUSDT,37056.79221,SELL,36,-0.0437,2023-01-08 14:24:52.213739+05:30
SOLUSDT,45583.8611,SELL,19,-0.0876,2023-01-08 14:24:52.296117+05:30
OPUSDT,30405.478968699997,SELL,44,0.0082,2023-01-08 14:24:52.378387+05:30
SUSHIUSDT,34645.255600000004,SELL,35,0.01,2023-01-08 14:26:27.776791+05:30
SOLUSDT,30208.7717,BUY,15,-0.0876,2023-01-08 14:32:01.259622+05:30
SOLBUSD,33296.595700000005,BUY,10,-0.0892,2023-01-08 14:32:05.226857+05:30
ETCUSDT,38194.88921,BUY,13,0.01,2023-01-08 14:47:57.090679+05:30
ENSUSDT,33215.862,SELL,31,0.0076,2023-01-08 14:47:58.625130+05:30
ETCUSDT,36902.49674,BUY,7,0.01,2023-01-08 14:49:26.353559+05:30
XMRUSDT,32953.9208,SELL,40,-0.0538,2023-01-08 15:00:04.382112+05:30
ADAUSDT,35509.48218,SELL,29,0.01,2023-01-08 15:00:04.689648+05:30
ADABUSD,62139.17205000001,SELL,39,0.0017,2023-01-08 15:00:20.330398+05:30
LINKUSDT,30602.00195,BUY,15,0.0026,2023-01-08 15:00:21.961957+05:30
ETHUSDT,31010.57286,SELL,18,0.01,2023-01-08 15:00:22.078840+05:30
ADAUSDT,42448.49118,BUY,11,0.01,2023-01-08 15:00:25.978367+05:30
SOLUSDT,45690.9692,BUY,16,-0.0876,2023-01-08 15:00:26.373566+05:30
BTCUSDT,62433.87195,SELL,8,0.0082,2023-01-08 15:00:26.523471+05:30
ETHBUSD,397971.80197000003,SELL,17,0.0061,2023-01-08 15:00:33.567462+05:30
SOLBUSD,55634.9997,BUY,8,-0.0892,2023-01-08 15:00:33.648765+05:30
LTCUSDT,32042.82651,SELL,20,0.01,2023-01-08 15:00:34.393821+05:30
1000SHIBUSDT,49828.126252,SELL,17,0.01,2023-01-08 15:00:35.052352+05:30
MATICUSDT,30171.23843,SELL,20,0.01,2023-01-08 15:00:37.184469+05:30
OMGUSDT,30376.91651,SELL,47,-0.0048,2023-01-08 15:12:06.334340+05:30
ADAUSDT,30412.08521,SELL,13,0.01,2023-01-08 15:13:19.381777+05:30
DOTUSDT,30006.8096,SELL,15,0.01,2023-01-08 15:30:17.253525+05:30
GALAUSDT,30370.40499,SELL,31,0.009,2023-01-08 15:55:10.142583+05:30
OCEANUSDT,37649.423299999995,BUY,36,-0.0437,2023-01-08 16:31:41.578121+05:30
RLCUSDT,35556.826369999995,SELL,38,-0.0358,2023-01-08 16:31:41.659788+05:30
OCEANUSDT,39688.07942,BUY,35,-0.0437,2023-01-08 17:19:51.258246+05:30
LDOUSDT,34613.348958,SELL,26,0.01,2023-01-08 17:27:13.620004+05:30
OCEANUSDT,34226.40258,BUY,11,-0.0437,2023-01-08 17:30:13.774084+05:30
ETHUSDT,35856.892,BUY,8,0.01,2023-01-08 17:31:54.907334+05:30
APEUSDT,31697.831200000004,SELL,14,-0.1127,2023-01-08 17:31:58.965498+05:30
STGUSDT,40156.2108493,SELL,52,-0.0179,2023-01-08 17:32:20.444703+05:30
ADAUSDT,33305.4277,SELL,30,0.01,2023-01-08 17:59:18.388277+05:30
DOTUSDT,32626.1392,BUY,16,0.01,2023-01-08 19:47:29.617659+05:30
ETCUSDT,30582.93592,SELL,18,0.01,2023-01-08 19:49:43.468226+05:30
GALABUSD,31614.604732,SELL,20,0.01,2023-01-08 19:55:27.584245+05:30
MANAUSDT,32609.5827,BUY,27,0.01,2023-01-08 19:57:49.942954+05:30
GALAUSDT,30310.665390000002,SELL,32,0.009,2023-01-08 20:10:00.790224+05:30
OCEANUSDT,32186.96962,BUY,29,-0.0437,2023-01-08 20:10:01.582297+05:30
AVAXUSDT,35522.3358,SELL,23,0.01,2023-01-08 20:10:03.902552+05:30
RENUSDT,30563.28165,SELL,38,0.0086,2023-01-08 20:10:06.069873+05:30
APTUSDT,40672.783853,SELL,50,-0.0009,2023-01-08 20:10:06.453365+05:30
BTCUSDT,36501.4066,SELL,16,0.0082,2023-01-08 20:10:09.363311+05:30
ETHUSDT,43443.13097,BUY,15,0.01,2023-01-08 20:10:09.596889+05:30
GALABUSD,30063.6995283,BUY,23,0.01,2023-01-08 20:10:10.496999+05:30
ETHUSDT,100332.4672,BUY,1,0.01,2023-01-08 20:10:11.316582+05:30
DYDXUSDT,32761.3523,SELL,17,0.001,2023-01-08 20:10:11.400881+05:30
XRPUSDT,31758.42237,SELL,20,0.01,2023-01-08 20:10:11.557310+05:30
ADAUSDT,119756.13279,BUY,18,0.01,2023-01-08 20:10:12.373872+05:30
YFIUSDT,30631.8989,SELL,43,0.01,2023-01-08 20:10:14.749496+05:30
BTCUSDT,39193.8156,BUY,3,0.0082,2023-01-08 20:10:14.903068+05:30
ALPHAUSDT,33284.54333,SELL,20,0.01,2023-01-08 20:10:15.540160+05:30
GALABUSD,77920.6726319,BUY,3,0.01,2023-01-08 20:10:15.999017+05:30
RSRUSDT,30024.929251,SELL,73,-0.0064,2023-01-08 20:10:19.600767+05:30
BNBUSDT,32605.588580000003,SELL,17,-0.0286,2023-01-08 20:10:24.934408+05:30
ICPUSDT,31676.59262,SELL,45,-0.0072,2023-01-08 20:10:26.561263+05:30
LDOUSDT,31093.574827,BUY,26,0.01,2023-01-08 20:10:27.529619+05:30
SANDBUSD,31619.34108627,SELL,61,0.0064,2023-01-08 20:15:00.980643+05:30
ETCUSDT,74001.95118999999,SELL,24,0.01,2023-01-08 20:15:36.701751+05:30
MANAUSDT,31018.0112,SELL,29,0.01,2023-01-08 20:15:37.212451+05:30
SANDUSDT,47336.485799999995,BUY,26,0.01,2023-01-08 20:17:28.632193+05:30
ATOMUSDT,33519.97067,SELL,43,0.0092,2023-01-08 20:17:34.568660+05:30
TRXUSDT,31989.51979,SELL,31,-0.2832,2023-01-08 20:18:14.982293+05:30
LTCUSDT,30763.28771,BUY,15,0.01,2023-01-08 20:24:19.809503+05:30
ETHBUSD,33785.13185,SELL,7,0.0061,2023-01-08 20:24:21.190597+05:30
LDOBUSD,37101.9292365,SELL,26,0.0077,2023-01-08 20:24:21.347537+05:30
GMTBUSD,66633.61464367001,SELL,46,-0.0067,2023-01-08 20:24:21.432778+05:30
HBARUSDT,33829.59333,SELL,43,0.01,2023-01-08 20:25:17.712495+05:30
OPUSDT,32046.81953934,BUY,20,0.0082,2023-01-08 20:25:28.361678+05:30
SOLUSDT,32477.9952,SELL,30,-0.0876,2023-01-08 20:25:46.983811+05:30
ETHUSDT,33392.58061,SELL,14,0.01,2023-01-08 20:25:47.104578+05:30
BNBUSDT,42443.31627,SELL,12,-0.0286,2023-01-08 20:27:22.774373+05:30
BTCUSDT,45758.721829999995,SELL,14,0.0082,2023-01-08 20:51:36.320774+05:30
BTCUSDT,33762.004700000005,BUY,2,0.0082,2023-01-08 21:04:58.456239+05:30
SUSHIUSDT,30791.4388,SELL,12,0.01,2023-01-08 21:05:00.211950+05:30
LDOUSDT,30678.561795,BUY,25,0.01,2023-01-08 21:13:45.295987+05:30
ETHUSDT,30684.987839999998,BUY,8,0.01,2023-01-08 21:14:31.521163+05:30
BTCUSDT,73080.7286,SELL,3,0.0082,2023-01-08 21:16:04.842923+05:30
DOTUSDT,30031.408600000002,SELL,26,0.01,2023-01-08 21:16:08.655792+05:30
ETHUSDT,38333.795889999994,BUY,13,0.01,2023-01-08 21:16:12.229753+05:30
ETCUSDT,32308.03895,BUY,21,0.01,2023-01-08 21:19:14.387923+05:30
MTLUSDT,30179.1005,SELL,35,-0.0251,2023-01-08 21:19:15.113831+05:30
ADABUSD,30421.2677,BUY,24,0.0017,2023-01-08 21:19:15.422274+05:30
ETHUSDT,31955.325979999998,BUY,16,0.01,2023-01-08 21:19:16.183795+05:30
DOGEUSDT,30869.795285,SELL,19,0.01,2023-01-08 21:19:19.372112+05:30
LITUSDT,31148.3268,SELL,37,0.01,2023-01-08 21:19:19.593772+05:30
NEARUSDT,43211.6234,SELL,34,0.01,2023-01-08 21:19:19.921435+05:30
MATICUSDT,38934.011660000004,SELL,14,0.01,2023-01-08 21:19:20.001739+05:30
BTCUSDT,32891.11938,BUY,19,0.0082,2023-01-08 21:19:24.326859+05:30
BNBUSDT,31837.51695,BUY,38,-0.0286,2023-01-08 21:19:30.939747+05:30
EOSUSDT,37468.5768,SELL,39,0.01,2023-01-08 21:19:31.284089+05:30
APEUSDT,30846.5464,SELL,30,-0.1127,2023-01-08 21:19:32.828512+05:30
SOLBUSD,39578.5374,SELL,25,-0.0892,2023-01-08 21:19:35.183520+05:30
ETHUSDT,33178.52588,BUY,10,0.01,2023-01-08 21:19:35.379314+05:30
ADAUSDT,47086.53944000001,SELL,22,0.01,2023-01-08 21:19:35.462752+05:30
FTMUSDT,54746.034323,SELL,26,0.0064,2023-01-08 21:19:35.545899+05:30
XRPUSDT,30133.23082,SELL,15,0.01,2023-01-08 21:19:39.087185+05:30
BTCUSDT,59562.5248,BUY,6,0.0082,2023-01-08 21:19:39.169839+05:30
BNBBUSD,30305.91523,SELL,30,-0.014,2023-01-08 21:19:39.430452+05:30
BNBUSDT,156330.51030000002,BUY,4,-0.0286,2023-01-08 21:21:14.299456+05:30
MASKUSDT,38294.0881,SELL,24,0.01,2023-01-08 21:23:11.260839+05:30
BNBUSDT,68526.96422,BUY,10,-0.0286,2023-01-08 21:24:19.177475+05:30
BCHUSDT,89665.12436,SELL,21,-0.0004,2023-01-08 21:24:20.099147+05:30
MATICUSDT,46477.75722,BUY,8,0.01,2023-01-08 21:24:21.437312+05:30
ATOMUSDT,31014.03898,BUY,29,0.0092,2023-01-08 21:24:58.636665+05:30
GALAUSDT,39723.91109,SELL,42,0.009,2023-01-08 21:25:40.458703+05:30
SOLUSDT,37005.1761,BUY,41,-0.0876,2023-01-08 21:25:40.540600+05:30
ETHUSDT,37749.30172,BUY,11,0.01,2023-01-08 21:25:40.657375+05:30
ETHUSDT,101400.6754,BUY,3,0.01,2023-01-08 21:28:54.247248+05:30
ETHBUSD,31424.5856,BUY,4,0.0061,2023-01-08 21:29:00.827595+05:30
LTCBUSD,30616.13540391,SELL,31,0.01,2023-01-08 21:29:00.949241+05:30
ETHBUSD,51048.09161,BUY,2,0.0061,2023-01-08 21:30:25.834199+05:30
LTCUSDT,31191.77454,SELL,25,0.01,2023-01-08 21:30:52.145829+05:30
ETHUSDT,38546.117340000004,BUY,11,0.01,2023-01-08 21:30:58.160328+05:30
MATICUSDT,53851.59494,BUY,3,0.01,2023-01-08 21:31:20.388884+05:30
BTCUSDT,44589.63148,BUY,18,0.0082,2023-01-08 21:32:11.777147+05:30
BTCUSDT,251538.98842,BUY,1,0.0082,2023-01-08 21:32:13.176613+05:30
APEBUSD,30644.37590116,SELL,44,-0.1029,2023-01-08 21:32:17.909498+05:30
TRXUSDT,36999.78383,BUY,22,-0.2832,2023-01-08 21:32:18.214810+05:30
OCEANUSDT,31426.9512,BUY,28,-0.0437,2023-01-08 21:32:32.826923+05:30
ETHUSDT,31397.70233,SELL,12,0.01,2023-01-08 21:41:39.809771+05:30
GRTUSDT,31772.80312,SELL,46,0.01,2023-01-08 21:43:41.075723+05:30
ETCUSDT,31957.846149999998,SELL,25,0.01,2023-01-08 21:54:49.660549+05:30
BTCUSDT,79590.27320000001,SELL,7,0.0082,2023-01-08 21:57:20.510238+05:30
BTCUSDT,31040.434800000003,SELL,3,0.0082,2023-01-08 21:58:07.268905+05:30
ETHUSDT,44821.12317,SELL,18,0.01,2023-01-08 21:58:15.517756+05:30
RLCUSDT,30254.785669999997,SELL,37,-0.0358,2023-01-08 22:00:29.830495+05:30
ETCUSDT,48153.33176,SELL,21,0.01,2023-01-08 22:06:20.287707+05:30
ETHUSDT,39617.0394,SELL,11,0.01,2023-01-08 22:06:22.867329+05:30
ETCUSDT,49733.35314,SELL,2,0.01,2023-01-08 22:06:22.952425+05:30
BTCUSDT,30560.1468,SELL,13,0.0082,2023-01-08 22:06:28.693948+05:30
ETHUSDT,30376.2985,SELL,4,0.01,2023-01-08 22:06:29.631783+05:30
BTCUSDT,37300.265100000004,SELL,1,0.0082,2023-01-08 22:06:30.235944+05:30
BTCUSDT,33645.327300000004,SELL,1,0.0082,2023-01-08 22:06:32.310342+05:30
ETHUSDT,119155.21831,SELL,4,0.01,2023-01-08 22:06:36.260638+05:30
SOLUSDT,31123.7471,BUY,9,-0.0876,2023-01-08 22:26:43.519854+05:30
GALAUSDT,32819.48839,BUY,29,0.009,2023-01-08 22:27:24.213769+05:30
GALABUSD,30058.7667005,BUY,34,0.01,2023-01-08 23:25:46.798187+05:30
LDOUSDT,30182.020453,BUY,35,0.01,2023-01-08 23:31:46.133401+05:30
OPUSDT,32076.32028803,BUY,26,0.0082,2023-01-08 23:31:48.319346+05:30
BTCUSDT,37796.5719,SELL,16,0.0082,2023-01-08 23:38:21.354819+05:30
BTCUSDT,38897.930499999995,BUY,2,0.0082,2023-01-08 23:38:24.267354+05:30
GALAUSDT,30606.11278,BUY,25,0.009,2023-01-08 23:38:25.608988+05:30
ETHUSDT,77230.92062,SELL,14,0.01,2023-01-08 23:42:52.923258+05:30
NEARUSDT,33520.701100000006,BUY,32,0.01,2023-01-08 23:49:06.746933+05:30
OCEANUSDT,34202.15854,SELL,13,-0.0437,2023-01-08 23:55:42.458752+05:30
OCEANUSDT,36354.03227,SELL,4,-0.0437,2023-01-08 23:56:20.473631+05:30
ETCUSDT,31285.85166,SELL,18,0.01,2023-01-09 00:07:28.025542+05:30
ANKRUSDT,30715.578496000002,SELL,58,0.01,2023-01-09 00:14:35.296869+05:30
ADAUSDT,30618.01316,SELL,35,0.01,2023-01-09 00:16:58.808502+05:30
MATICBUSD,30006.6812697,SELL,37,0.01,2023-01-09 00:17:45.326913+05:30
GALABUSD,38856.0365352,BUY,29,0.01,2023-01-09 00:17:45.651591+05:30
GALAUSDT,30209.18471,BUY,31,0.009,2023-01-09 00:17:57.555050+05:30
ANKRUSDT,77843.08700900001,BUY,16,0.01,2023-01-09 00:19:51.674565+05:30
BTCUSDT,30092.80433,SELL,9,0.0082,2023-01-09 00:26:35.432969+05:30
1000LUNCBUSD,30965.704814,SELL,26,0.01,2023-01-09 00:26:36.706586+05:30
MANAUSDT,30105.4387,BUY,40,0.01,2023-01-09 00:26:37.303531+05:30
BTCUSDT,32038.903899999998,SELL,4,0.0082,2023-01-09 00:26:40.686829+05:30
COTIUSDT,33323.707800000004,SELL,27,-0.0227,2023-01-09 00:35:16.359441+05:30
ZILUSDT,30701.112530000006,SELL,30,0.0092,2023-01-09 00:54:27.450455+05:30
LDOUSDT,30746.870821999997,SELL,31,0.01,2023-01-09 01:03:52.894061+05:30
ONEUSDT,33412.24654,BUY,43,-0.071,2023-01-09 01:07:40.135337+05:30
ZILUSDT,31945.46875,BUY,41,0.0092,2023-01-09 01:14:45.997647+05:30
BNBUSDT,30258.09272,SELL,29,-0.0286,2023-01-09 01:15:10.199955+05:30
ETHUSDT,46285.55752,SELL,15,0.01,2023-01-09 01:15:14.494018+05:30
C98USDT,31941.2362,SELL,38,0.01,2023-01-09 01:18:46.895595+05:30
LDOUSDT,32760.633949000003,BUY,38,0.01,2023-01-09 01:22:31.641044+05:30
LINKUSDT,30019.854740000002,SELL,31,0.0026,2023-01-09 01:32:14.804824+05:30
APEUSDT,31149.481799999998,SELL,11,-0.1127,2023-01-09 01:32:15.655525+05:30
GALAUSDT,32123.84059,BUY,29,0.009,2023-01-09 01:33:08.194285+05:30
APEUSDT,40130.68860000001,BUY,2,-0.1127,2023-01-09 01:33:14.490097+05:30
GALABUSD,30552.5162841,SELL,22,0.01,2023-01-09 01:33:15.220816+05:30
ANKRUSDT,30471.000921,SELL,50,0.01,2023-01-09 01:33:16.764299+05:30
LRCUSDT,30214.89938,SELL,37,0.0089,2023-01-09 01:33:18.015299+05:30
1000XECUSDT,33379.326629999996,SELL,56,-0.1521,2023-01-09 01:33:19.713597+05:30
FOOTBALLUSDT,32325.1020616,SELL,51,-0.3939,2023-01-09 01:33:19.800008+05:30
DYDXUSDT,44364.7916,SELL,27,0.001,2023-01-09 01:33:20.258853+05:30
ETHUSDT,104108.44589,SELL,7,0.01,2023-01-09 01:33:20.788056+05:30
GRTUSDT,32167.41839,SELL,28,0.01,2023-01-09 01:33:21.576340+05:30
BTCBUSD,56032.927500000005,SELL,18,-0.0066,2023-01-09 01:33:26.196441+05:30
ETHBUSD,31418.905289999995,SELL,10,0.0061,2023-01-09 01:33:32.804365+05:30
OCEANUSDT,32804.02107,SELL,37,-0.0437,2023-01-09 01:33:34.232591+05:30
JASMYUSDT,30500.940636,SELL,57,0.0069,2023-01-09 01:33:34.757620+05:30
LDOBUSD,33143.9129736,SELL,52,0.0077,2023-01-09 01:33:36.019024+05:30
ATOMUSDT,33667.105149999996,SELL,25,0.0092,2023-01-09 01:33:37.370880+05:30
ANTUSDT,32041.7594,SELL,33,0.0018,2023-01-09 01:33:38.007683+05:30
LDOUSDT,30415.947944,BUY,18,0.01,2023-01-09 01:33:39.047146+05:30
ETCUSDT,38224.58633,SELL,24,0.01,2023-01-09 01:33:43.848514+05:30
PEOPLEUSDT,30117.92237,SELL,79,-0.018,2023-01-09 01:33:44.081699+05:30
GMTUSDT,31548.87473,SELL,32,-0.0048,2023-01-09 01:33:44.722625+05:30
CTSIUSDT,32045.872499999998,SELL,29,0.01,2023-01-09 01:33:45.218658+05:30
RLCUSDT,30531.61063,SELL,51,-0.0358,2023-01-09 01:33:46.046486+05:30
GALABUSD,84961.2755416,BUY,12,0.01,2023-01-09 01:33:51.929471+05:30
AXSUSDT,33070.56781,SELL,27,0.0055,2023-01-09 01:33:53.396283+05:30
EGLDUSDT,30257.269500000002,SELL,24,0.0044,2023-01-09 01:33:53.518047+05:30
QNTUSDT,35543.9434752,SELL,51,0.01,2023-01-09 01:33:53.788619+05:30
BNBBUSD,33477.50367,SELL,32,-0.014,2023-01-09 01:33:53.948075+05:30
DENTUSDT,30100.739172999998,SELL,33,0.01,2023-01-09 01:33:54.621824+05:30
LINAUSDT,31062.37815,SELL,78,0.01,2023-01-09 01:33:55.073212+05:30
GALAUSDT,31344.155730000002,BUY,19,0.009,2023-01-09 01:33:55.628390+05:30
KAVAUSDT,30141.99243,SELL,60,-0.027,2023-01-09 01:33:56.585769+05:30
ETHUSDT,30098.75747,BUY,10,0.01,2023-01-09 01:34:00.442702+05:30
SANDUSDT,39264.43327,SELL,43,0.01,2023-01-09 01:34:02.625550+05:30
LTCUSDT,30041.93676,SELL,36,0.01,2023-01-09 01:34:05.164660+05:30
BNBUSDT,30176.726880000002,SELL,28,-0.0286,2023-01-09 01:34:05.887830+05:30
AAVEUSDT,30047.0117,SELL,42,0.01,2023-01-09 01:34:07.594811+05:30
ADAUSDT,34366.25225,BUY,21,0.01,2023-01-09 01:34:07.982391+05:30
ROSEUSDT,30359.27173,SELL,50,0.01,2023-01-09 01:34:09.623173+05:30
GALAUSDT,64115.47614,BUY,4,0.009,2023-01-09 01:34:11.086931+05:30
ADAUSDT,48396.36736,BUY,1,0.01,2023-01-09 01:34:11.751753+05:30
NEARUSDT,36713.859,SELL,25,0.01,2023-01-09 01:34:12.601508+05:30
FLOWUSDT,30085.7252,SELL,41,0.01,2023-01-09 01:34:14.417806+05:30
CHZUSDT,35257.3891,SELL,41,0.0035,2023-01-09 01:34:14.994010+05:30
ADABUSD,32810.6842,SELL,18,0.0017,2023-01-09 01:34:15.117142+05:30
ETCBUSD,30836.0771649,SELL,41,0.0015,2023-01-09 01:34:16.507765+05:30
DOTUSDT,36137.7523,SELL,29,0.01,2023-01-09 01:34:16.705240+05:30
1000LUNCUSDT,30399.9397062,SELL,64,0.0056,2023-01-09 01:34:17.535571+05:30
EGLDUSDT,30450.4103,SELL,3,0.0044,2023-01-09 01:34:17.730229+05:30
KSMUSDT,30623.7117,SELL,55,0.01,2023-01-09 01:34:17.851913+05:30
BANDUSDT,32341.624929999998,SELL,43,0.01,2023-01-09 01:34:18.048786+05:30
SANDUSDT,30942.356580000003,SELL,4,0.01,2023-01-09 01:34:18.946614+05:30
SUSHIUSDT,32029.2748,SELL,24,0.01,2023-01-09 01:34:22.604853+05:30
SOLBUSD,35111.378899999996,SELL,18,-0.0892,2023-01-09 01:34:28.004082+05:30
ETHBUSD,74658.80786,SELL,9,0.0061,2023-01-09 01:34:28.164344+05:30
ETHUSDT_230331,34441.93057,SELL,12,0.0,2023-01-09 01:34:29.289080+05:30
TRXBUSD,30497.1848809,SELL,64,-0.2587,2023-01-09 01:34:30.737933+05:30
SOLUSDT,38430.2711,SELL,44,-0.0876,2023-01-09 01:34:31.375804+05:30
NEARBUSD,30580.88815634,SELL,36,0.01,2023-01-09 01:34:34.613004+05:30
FTMUSDT,30154.111856,SELL,23,0.0064,2023-01-09 01:34:36.887740+05:30
HNTUSDT,35733.1988,SELL,55,-0.9916,2023-01-09 01:34:37.203247+05:30
DASHUSDT,31267.13619,SELL,55,0.01,2023-01-09 01:34:38.302860+05:30
MASKUSDT,31565.229,SELL,27,0.01,2023-01-09 01:34:39.657236+05:30
APTUSDT,35156.791367,SELL,41,-0.0009,2023-01-09 01:34:39.741457+05:30
BTCUSDT,32387.39147,SELL,34,0.0082,2023-01-09 01:34:39.825373+05:30
FTMUSDT,40984.85146,BUY,1,0.0064,2023-01-09 01:34:40.374951+05:30
OCEANUSDT,34899.61368,SELL,19,-0.0437,2023-01-09 01:34:40.958360+05:30
ETHUSDT,33087.874729999996,BUY,10,0.01,2023-01-09 01:34:42.417828+05:30
APEUSDT,30878.0628,SELL,20,-0.1127,2023-01-09 01:34:42.500268+05:30
LDOUSDT,30652.133331999998,BUY,25,0.01,2023-01-09 01:34:42.938270+05:30
PHBBUSD,30073.4480154,SELL,52,0.01,2023-01-09 01:34:43.340027+05:30
ALGOUSDT,34735.73239,SELL,56,0.01,2023-01-09 01:34:43.710300+05:30
CELOUSDT,43424.597,SELL,22,0.0078,2023-01-09 01:34:44.361242+05:30
DOGEUSDT,30379.685644,SELL,40,0.01,2023-01-09 01:34:45.509106+05:30
LTCUSDT,30706.778690000003,SELL,12,0.01,2023-01-09 01:34:49.711461+05:30
GALAUSDT,32357.86183,SELL,27,0.009,2023-01-09 01:35:08.039095+05:30
BNBUSDT,30733.33887,BUY,11,-0.0286,2023-01-09 01:37:28.363362+05:30
TRXUSDT,33815.527740000005,SELL,31,-0.2832,2023-01-09 01:37:36.785832+05:30
OPUSDT,31491.54209816,SELL,37,0.0082,2023-01-09 01:37:37.192893+05:30
WOOUSDT,30930.59642,BUY,40,-0.0046,2023-01-09 01:38:40.621616+05:30
LDOUSDT,40589.405393,BUY,23,0.01,2023-01-09 01:39:15.685489+05:30
XMRUSDT,36812.8319,SELL,54,-0.0538,2023-01-09 01:39:16.314489+05:30
DOGEBUSD,30309.865224000005,SELL,19,0.01,2023-01-09 01:39:16.586701+05:30
BTCBUSD,48363.0166,SELL,16,-0.0066,2023-01-09 01:39:18.567227+05:30
XRPUSDT,30867.799140000003,SELL,44,0.01,2023-01-09 01:39:22.180714+05:30
ALPHAUSDT,41751.987420000005,SELL,39,0.01,2023-01-09 01:39:26.390067+05:30
OCEANUSDT,30873.35357,BUY,17,-0.0437,2023-01-09 01:39:26.621215+05:30
THETAUSDT,30196.49792,SELL,52,0.0043,2023-01-09 01:39:33.186181+05:30
XMRUSDT,52619.94659,BUY,6,-0.0538,2023-01-09 01:39:33.916283+05:30
ETCUSDT,32176.181669999998,SELL,39,0.01,2023-01-09 01:39:34.344818+05:30
GMTBUSD,42832.96129832,SELL,10,-0.0067,2023-01-09 01:39:35.882802+05:30
LEVERBUSD,30059.1489532,SELL,42,0.0067,2023-01-09 01:39:37.379268+05:30
LDOBUSD,31290.7982612,BUY,48,0.0077,2023-01-09 01:39:38.134988+05:30
GALABUSD,32917.21796,SELL,36,0.01,2023-01-09 01:39:38.331890+05:30
ETHUSDT,33359.50645,SELL,17,0.01,2023-01-09 01:39:38.417490+05:30
SOLUSDT,32225.7751,SELL,29,-0.0876,2023-01-09 01:39:42.336384+05:30
ETHBUSD,31761.42938,SELL,10,0.0061,2023-01-09 01:39:42.497668+05:30
TRBUSDT,30230.3738,SELL,54,0.01,2023-01-09 01:39:49.902174+05:30
JASMYUSDT,36311.884707,SELL,34,0.0069,2023-01-09 01:39:50.255445+05:30
BNXUSDT,31211.6132,SELL,74,-0.0841,2023-01-09 01:39:51.023404+05:30
ZECUSDT,30243.76157,SELL,48,-0.0005,2023-01-09 01:39:51.110074+05:30
BTCUSDT,35022.00232,SELL,22,0.0082,2023-01-09 01:39:53.876973+05:30
NEARUSDT,30811.319,SELL,24,0.01,2023-01-09 01:39:54.078725+05:30
MATICUSDT,30021.92276,SELL,34,0.01,2023-01-09 01:39:55.275252+05:30
LDOUSDT,31949.390715999998,BUY,16,0.01,2023-01-09 01:39:55.474531+05:30
GRTUSDT,46267.61639,SELL,29,0.01,2023-01-09 01:39:56.736358+05:30
LTCUSDT,30979.57768,SELL,19,0.01,2023-01-09 01:39:56.932593+05:30
1000SHIBBUSD,30418.137334299998,SELL,66,0.01,2023-01-09 01:39:58.286979+05:30
KAVAUSDT,30645.281720000003,SELL,26,-0.027,2023-01-09 01:39:58.628728+05:30
ETHUSDT,61833.31251,BUY,5,0.01,2023-01-09 01:40:00.272887+05:30
BTCUSDT,40703.2107,SELL,2,0.0082,2023-01-09 01:40:00.361848+05:30
FILUSDT,31260.1792,SELL,37,0.01,2023-01-09 01:40:00.450012+05:30
GALAUSDT,30008.23476,SELL,29,0.009,2023-01-09 01:40:02.907283+05:30
IOTXUSDT,31028.8773,SELL,59,0.01,2023-01-09 01:40:05.858565+05:30
KLAYUSDT,30470.83187,SELL,44,0.01,2023-01-09 01:40:06.400986+05:30
RENUSDT,30903.08627,SELL,36,0.0086,2023-01-09 01:40:07.376158+05:30
WAVESUSDT,30069.79023,SELL,58,0.01,2023-01-09 01:40:12.516046+05:30
DOGEBUSD,30202.565326000004,SELL,6,0.01,2023-01-09 01:40:12.710719+05:30
ZECUSDT,52708.64344,BUY,3,-0.0005,2023-01-09 01:40:13.265588+05:30
LTCBUSD,34069.04850119,SELL,27,0.01,2023-01-09 01:40:13.349023+05:30
GALUSDT,31909.46047,SELL,52,-0.0176,2023-01-09 01:40:13.433609+05:30
HOTUSDT,30331.338111,SELL,46,0.01,2023-01-09 01:40:14.051574+05:30
LDOBUSD,42790.0592184,BUY,8,0.0077,2023-01-09 01:40:15.275794+05:30
DYDXUSDT,30865.957400000003,SELL,40,0.001,2023-01-09 01:40:16.294357+05:30
LDOUSDT,33931.838348,BUY,5,0.01,2023-01-09 01:40:17.866657+05:30
RLCUSDT,30055.757830000002,SELL,35,-0.0358,2023-01-09 01:40:20.991064+05:30
MTLUSDT,30938.7229,SELL,27,-0.0251,2023-01-09 01:40:23.910774+05:30
APEUSDT,32049.6166,BUY,28,-0.1127,2023-01-09 01:40:25.432315+05:30
SFPUSDT,32673.698,SELL,44,0.01,2023-01-09 01:40:26.060577+05:30
GALABUSD,30136.100278,BUY,10,0.01,2023-01-09 01:40:27.352382+05:30
XRPBUSD,30734.752490000003,SELL,30,-0.0048,2023-01-09 01:40:27.764030+05:30
ALPHAUSDT,34843.07046,BUY,11,0.01,2023-01-09 01:40:28.467984+05:30
XLMUSDT,31882.2034,SELL,65,0.0049,2023-01-09 01:40:28.624888+05:30
XTZUSDT,30525.576800000003,SELL,46,0.01,2023-01-09 01:40:28.816108+05:30
BTCUSDT,30753.7087,SELL,7,0.0082,2023-01-09 01:40:32.749473+05:30
MKRUSDT,30222.19327,SELL,55,0.0076,2023-01-09 01:40:33.419769+05:30
SOLBUSD,31126.625,SELL,25,-0.0892,2023-01-09 01:40:35.295631+05:30
IMXUSDT,30142.4765,SELL,46,-0.0109,2023-01-09 01:40:39.010895+05:30
ETCUSDT,33738.01883,BUY,14,0.01,2023-01-09 01:40:39.419607+05:30
ETHUSDT,36765.21951,SELL,8,0.01,2023-01-09 01:40:40.227885+05:30
ANKRUSDT,31481.231209,SELL,34,0.01,2023-01-09 01:40:43.017422+05:30
LUNA2USDT,30521.3110535,SELL,60,0.01,2023-01-09 01:40:43.443310+05:30
AVAXUSDT,33737.6374,SELL,39,0.01,2023-01-09 01:40:43.830517+05:30
CRVUSDT,31206.209100000004,SELL,46,0.01,2023-01-09 01:40:44.142602+05:30
XMRUSDT,31696.733319999996,BUY,12,-0.0538,2023-01-09 01:40:44.896217+05:30
BTCUSDT,40022.27568,SELL,3,0.0082,2023-01-09 01:40:45.312180+05:30
ETHBUSD,33648.49447,SELL,10,0.0061,2023-01-09 01:40:46.394557+05:30
HNTUSDT,30392.603900000002,SELL,21,-0.9916,2023-01-09 01:40:46.890676+05:30
ARUSDT,30186.6579,SELL,50,0.01,2023-01-09 01:40:47.725546+05:30
ATOMUSDT,31506.008439999998,SELL,36,0.0092,2023-01-09 01:40:47.850200+05:30
GMTUSDT,30971.89789,SELL,31,-0.0048,2023-01-09 01:40:47.973782+05:30
AUDIOUSDT,31374.4224,SELL,52,-0.0053,2023-01-09 01:40:48.501054+05:30
QTUMUSDT,34069.5033,SELL,48,0.01,2023-01-09 01:40:50.223579+05:30
BTCBUSD,48566.1124,SELL,14,-0.0066,2023-01-09 01:40:51.585355+05:30
DASHUSDT,33691.96286,SELL,19,0.01,2023-01-09 01:40:55.956845+05:30
OCEANUSDT,35198.93471,BUY,23,-0.0437,2023-01-09 01:40:56.309687+05:30
BTCUSDT,33849.19498,SELL,6,0.0082,2023-01-09 01:41:03.088289+05:30
OPUSDT,31771.84122806,SELL,39,0.0082,2023-01-09 01:41:03.323066+05:30
ALGOUSDT,30541.218719999997,SELL,24,0.01,2023-01-09 01:41:07.562953+05:30
REEFUSDT,32425.884635000002,SELL,54,0.01,2023-01-09 01:41:10.448045+05:30
LDOUSDT,39473.40464,SELL,15,0.01,2023-01-09 01:41:10.869349+05:30
ANTUSDT,30906.5291,SELL,24,0.0018,2023-01-09 01:41:11.181402+05:30
ADAUSDT,30203.23534,SELL,41,0.01,2023-01-09 01:41:14.499176+05:30
ZENUSDT,30086.113400000002,SELL,56,-0.0096,2023-01-09 01:41:14.622971+05:30
GTCUSDT,33793.374200000006,SELL,41,0.01,2023-01-09 01:41:14.816755+05:30
STORJUSDT,32673.487699999998,SELL,64,0.01,2023-01-09 01:41:15.046896+05:30
ENJUSDT,32567.647839999998,SELL,51,0.0074,2023-01-09 01:41:15.131164+05:30
NEARBUSD,43204.18828396,SELL,16,0.01,2023-01-09 01:41:16.916683+05:30
LINKUSDT,33892.27263,SELL,43,0.0026,2023-01-09 01:41:17.559497+05:30
BELUSDT,30979.33676,SELL,36,0.01,2023-01-09 01:41:17.795440+05:30
ALPHAUSDT,33457.697980000004,SELL,8,0.01,2023-01-09 01:41:17.954656+05:30
SKLUSDT,45349.09472,SELL,55,0.01,2023-01-09 01:41:18.041002+05:30
MASKUSDT,34555.3145,SELL,30,0.01,2023-01-09 01:41:18.126526+05:30
NKNUSDT,38810.29115,SELL,57,0.01,2023-01-09 01:41:18.646865+05:30
BNBUSDT,31148.10468,SELL,34,-0.0286,2023-01-09 01:41:21.129730+05:30
CHZUSDT,34692.81091,SELL,37,0.0035,2023-01-09 01:41:21.748860+05:30
DASHUSDT,34862.02608,SELL,4,0.01,2023-01-09 01:41:21.868692+05:30
XRPUSDT,259174.10879000003,SELL,21,0.01,2023-01-09 01:41:22.342412+05:30
FTMUSDT,48043.220293000006,SELL,28,0.0064,2023-01-09 01:41:22.426062+05:30
BCHUSDT,33072.94927,SELL,37,-0.0004,2023-01-09 01:41:26.045066+05:30
LTCUSDT,48873.071840000004,SELL,20,0.01,2023-01-09 01:41:27.306517+05:30
DOGEUSDT,30328.626578,SELL,33,0.01,2023-01-09 01:41:27.642667+05:30
SANDUSDT,35397.94563,SELL,38,0.01,2023-01-09 01:41:28.017070+05:30
NEARUSDT,36149.913100000005,BUY,19,0.01,2023-01-09 01:41:29.180726+05:30
MANAUSDT,43383.5216,SELL,52,0.01,2023-01-09 01:41:29.478446+05:30
BTCUSDT_230331,30889.953800000003,SELL,19,0.0,2023-01-09 01:41:29.562603+05:30
FTMUSDT,30235.614292,BUY,3,0.0064,2023-01-09 01:41:29.717858+05:30
1INCHUSDT,31451.2789,SELL,60,0.01,2023-01-09 01:41:30.195593+05:30
TRXUSDT,32618.72007,SELL,30,-0.2832,2023-01-09 01:41:30.491264+05:30
DOTUSDT,37474.994900000005,SELL,35,0.01,2023-01-09 01:41:30.645044+05:30
NEOUSDT,30719.36888,SELL,73,0.0034,2023-01-09 01:41:30.968660+05:30
XRPUSDT,34862.140250000004,SELL,2,0.01,2023-01-09 01:41:32.788943+05:30
FTMUSDT,34088.225956,BUY,1,0.0064,2023-01-09 01:41:33.837769+05:30
MASKUSDT,31743.359300000004,BUY,3,0.01,2023-01-09 01:41:33.996488+05:30
SUSHIUSDT,30075.928800000005,SELL,26,0.01,2023-01-09 01:41:34.333919+05:30
XRPUSDT,37693.38118,BUY,1,0.01,2023-01-09 01:41:35.872351+05:30
ETHUSDT,34947.21552,SELL,17,0.01,2023-01-09 01:41:35.958370+05:30
OCEANUSDT,34871.253580000004,SELL,18,-0.0437,2023-01-09 01:41:36.486039+05:30
ETHUSDT,72447.71432999999,BUY,1,0.01,2023-01-09 01:41:36.571658+05:30
SOLUSDT,32163.5323,SELL,31,-0.0876,2023-01-09 01:41:39.411779+05:30
BTCUSDT,32673.380240000002,SELL,13,0.0082,2023-01-09 01:41:42.816733+05:30
INJUSDT,31535.720371,SELL,34,-0.0054,2023-01-09 01:41:42.901793+05:30
FOOTBALLUSDT,30261.7054655,SELL,32,-0.3939,2023-01-09 01:41:43.873630+05:30
LPTUSDT,31176.8622,SELL,48,-0.0584,2023-01-09 01:41:44.350490+05:30
GALAUSDT,31256.78205,SELL,31,0.009,2023-01-09 01:41:46.077016+05:30
1000XECUSDT,30852.30764,SELL,27,-0.1521,2023-01-09 01:41:47.572377+05:30
FILUSDT,40293.9784,SELL,13,0.01,2023-01-09 01:41:47.693967+05:30
KNCUSDT,32159.309749999997,SELL,40,0.01,2023-01-09 01:41:48.718409+05:30
OCEANUSDT,124238.78264,BUY,5,-0.0437,2023-01-09 01:41:49.056177+05:30
LDOBUSD,32404.8739045,SELL,17,0.0077,2023-01-09 01:41:49.642650+05:30
BTCBUSD,88884.5936,SELL,8,-0.0066,2023-01-09 01:41:49.727319+05:30
APTBUSD,30174.613127,SELL,52,0.0028,2023-01-09 01:41:52.766200+05:30
ICXUSDT,30118.5075,SELL,35,0.01,2023-01-09 01:41:54.696004+05:30
ETCBUSD,34779.3363545,BUY,29,0.0015,2023-01-09 01:41:57.169066+05:30
LDOUSDT,32457.121913,SELL,15,0.01,2023-01-09 01:41:58.832981+05:30
DYDXUSDT,92713.26780000002,SELL,23,0.001,2023-01-09 01:41:59.465646+05:30
UNIUSDT,109263.1032,SELL,57,0.0052,2023-01-09 01:41:59.550866+05:30
APTUSDT,38500.174,SELL,40,-0.0009,2023-01-09 01:42:00.302430+05:30
ICPUSDT,30117.545179,SELL,40,-0.0072,2023-01-09 01:42:00.426729+05:30
MASKUSDT,50115.955400000006,BUY,6,0.01,2023-01-09 01:42:00.727412+05:30
AXSUSDT,32109.70206,SELL,36,0.0055,2023-01-09 01:42:05.635115+05:30
SANDUSDT,31180.174899999998,SELL,8,0.01,2023-01-09 01:42:10.450617+05:30
HNTUSDT,31234.541699999998,SELL,11,-0.9916,2023-01-09 01:42:10.908947+05:30
BNBBUSD,31487.43389,SELL,28,-0.014,2023-01-09 01:42:11.257109+05:30
COMPUSDT,33725.57136,SELL,55,0.01,2023-01-09 01:42:12.124800+05:30
ETHBUSD,121193.70455,SELL,11,0.0061,2023-01-09 01:42:16.424770+05:30
LEVERBUSD,30758.1365482,SELL,21,0.0067,2023-01-09 01:42:17.887257+05:30
GMTUSDT,179193.35469,SELL,14,-0.0048,2023-01-09 01:42:18.118987+05:30
ALICEUSDT,32328.9835,SELL,47,-0.0008,2023-01-09 01:42:19.705125+05:30
LDOUSDT,35603.074777999995,BUY,4,0.01,2023-01-09 01:42:21.273966+05:30
NEARUSDT,46489.4745,SELL,13,0.01,2023-01-09 01:42:22.398210+05:30
GMTUSDT,64207.2,BUY,1,-0.0048,2023-01-09 01:42:23.068653+05:30
GALABUSD,30424.9356443,SELL,19,0.01,2023-01-09 01:42:23.155560+05:30
JASMYUSDT,30302.642031,SELL,31,0.0069,2023-01-09 01:42:23.793171+05:30
ETHUSDT,43737.34152,BUY,10,0.01,2023-01-09 01:42:25.813993+05:30
DARUSDT,32433.92512,SELL,63,0.0083,2023-01-09 01:42:26.045084+05:30
XMRUSDT,40468.64467,SELL,19,-0.0538,2023-01-09 01:42:27.627952+05:30
SANDBUSD,30566.70873406,SELL,32,0.0064,2023-01-09 01:42:27.932015+05:30
1000SHIBUSDT,31445.934331,SELL,62,0.01,2023-01-09 01:42:33.544485+05:30
SANDUSDT,73645.09459,BUY,6,0.01,2023-01-09 01:42:35.249106+05:30
ETCUSDT,77523.10342,SELL,30,0.01,2023-01-09 01:42:36.557013+05:30
APEUSDT,31936.4092,SELL,29,-0.1127,2023-01-09 01:42:37.089980+05:30
MATICUSDT,30108.802,SELL,29,0.01,2023-01-09 01:42:41.727666+05:30
API3USDT,30690.8468,SELL,64,0.01,2023-01-09 01:42:41.815267+05:30
OPUSDT,30168.61963174,SELL,25,0.0082,2023-01-09 01:42:42.581421+05:30
SOLUSDT,37399.5458,SELL,15,-0.0876,2023-01-09 01:42:44.106706+05:30
APEUSDT,58678.0728,BUY,5,-0.1127,2023-01-09 01:42:44.192296+05:30
CRVUSDT,56190.9158,SELL,16,0.01,2023-01-09 01:42:44.277360+05:30
BNBUSDT,71982.15043000001,SELL,21,-0.0286,2023-01-09 01:42:44.361832+05:30
1000LUNCUSDT,30561.427697599996,SELL,40,0.0056,2023-01-09 01:42:46.534733+05:30
AXSUSDT,67230.22246,SELL,4,0.0055,2023-01-09 01:42:46.724669+05:30
LTCUSDT,35121.95165,SELL,18,0.01,2023-01-09 01:42:46.809051+05:30
IOTAUSDT,32878.97846,SELL,53,0.01,2023-01-09 01:42:46.929706+05:30
BTCUSDT,98643.50966000001,SELL,14,0.0082,2023-01-09 01:42:47.581798+05:30
BTCUSDT,251241.72559999998,BUY,1,0.0082,2023-01-09 01:42:48.090557+05:30
APEUSDT,30148.6459,BUY,15,-0.1127,2023-01-09 01:42:48.387108+05:30
ADAUSDT,36155.06594,SELL,20,0.01,2023-01-09 01:42:48.507380+05:30
TRXUSDT,34127.62262,SELL,17,-0.2832,2023-01-09 01:42:48.840566+05:30
BNXUSDT,31195.27917,SELL,26,-0.0841,2023-01-09 01:42:49.032069+05:30
ETHUSDT,52373.99188,SELL,11,0.01,2023-01-09 01:42:49.831613+05:30
OCEANUSDT,31037.91717,SELL,20,-0.0437,2023-01-09 01:42:51.312399+05:30
RLCUSDT,33655.94801,SELL,41,-0.0358,2023-01-09 01:42:51.862006+05:30
GALAUSDT,33370.9681,SELL,16,0.009,2023-01-09 01:42:53.208388+05:30
XMRUSDT,30446.6953,BUY,7,-0.0538,2023-01-09 01:42:57.130851+05:30
SANDUSDT,45021.50417,SELL,14,0.01,2023-01-09 01:43:36.934016+05:30
ETHUSDT,75253.8804,SELL,3,0.01,2023-01-09 01:43:45.042292+05:30
LDOUSDT,31822.247387,SELL,48,0.01,2023-01-09 01:45:08.850371+05:30
LDOBUSD,30551.8315754,SELL,31,0.0077,2023-01-09 01:45:27.750645+05:30
GRTUSDT,30450.51395,SELL,36,0.01,2023-01-09 01:47:20.997558+05:30
ANKRUSDT,31211.03138,SELL,26,0.01,2023-01-09 01:47:21.087298+05:30
BTCBUSD,34076.4542,SELL,11,-0.0066,2023-01-09 01:52:56.527344+05:30
OPUSDT,30010.59535645,BUY,34,0.0082,2023-01-09 01:55:48.229074+05:30
SANDUSDT,36201.44368,BUY,7,0.01,2023-01-09 01:56:19.004932+05:30
MANAUSDT,39949.4573,SELL,30,0.01,2023-01-09 01:57:52.407094+05:30
BTCUSDT,30021.83307,SELL,17,0.0082,2023-01-09 01:57:57.148308+05:30
BTCUSDT,34327.1749,BUY,3,0.0082,2023-01-09 01:58:26.660512+05:30
GALABUSD,32831.614663,SELL,51,0.01,2023-01-09 02:00:32.199928+05:30
GALAUSDT,33493.617,SELL,38,0.009,2023-01-09 02:00:35.246850+05:30
LDOUSDT,32723.267398,SELL,45,0.01,2023-01-09 02:00:46.239127+05:30
GRTUSDT,35335.02775,SELL,36,0.01,2023-01-09 02:01:11.379330+05:30
ATOMUSDT,35210.08827,SELL,31,0.0092,2023-01-09 02:01:13.065256+05:30
ENSUSDT,30684.0766,SELL,41,0.0076,2023-01-09 02:01:13.153534+05:30
MANAUSDT,30466.6411,BUY,11,0.01,2023-01-09 02:01:55.467185+05:30
MANAUSDT,156297.59709999998,BUY,6,0.01,2023-01-09 02:02:14.853247+05:30
MANAUSDT,147661.9666,BUY,1,0.01,2023-01-09 02:02:18.570302+05:30
MANAUSDT,30393.742700000003,BUY,11,0.01,2023-01-09 02:02:50.800400+05:30
SANDUSDT,38341.82708,SELL,34,0.01,2023-01-09 02:03:55.279861+05:30
SANDUSDT,43294.39378,BUY,9,0.01,2023-01-09 02:04:14.495808+05:30
ETHUSDT,115711.45672999999,SELL,12,0.01,2023-01-09 02:04:18.608552+05:30
MANAUSDT,30353.372300000003,BUY,24,0.01,2023-01-09 02:06:18.004724+05:30
ENJUSDT,39350.64456,SELL,35,0.0074,2023-01-09 02:06:19.496032+05:30
LTCUSDT,36483.72813,BUY,8,0.01,2023-01-09 02:08:27.646743+05:30
SOLUSDT,31889.9037,SELL,17,-0.0876,2023-01-09 02:08:27.732462+05:30
AXSUSDT,64584.49027000001,BUY,28,0.0055,2023-01-09 02:09:18.186347+05:30
BTCUSDT,49900.549699999996,SELL,11,0.0082,2023-01-09 02:09:46.094905+05:30
FTMUSDT,30509.004500000003,SELL,20,0.0064,2023-01-09 02:09:48.892486+05:30
OPUSDT,31441.98577865,BUY,23,0.0082,2023-01-09 02:12:05.439411+05:30
BNBUSDT,36495.06684,SELL,23,-0.0286,2023-01-09 02:12:07.378059+05:30
ETHUSDT,37962.605859999996,SELL,9,0.01,2023-01-09 02:12:09.876207+05:30
ETHUSDT,67347.7646,BUY,1,0.01,2023-01-09 02:12:11.509405+05:30
QNTUSDT,33808.984983999995,SELL,38,0.01,2023-01-09 02:12:11.596543+05:30
WOOUSDT,30236.84502,SELL,44,-0.0046,2023-01-09 02:12:58.585294+05:30
LDOBUSD,30090.3337798,SELL,33,0.0077,2023-01-09 02:14:23.437813+05:30
MATICUSDT,50388.06358,SELL,15,0.01,2023-01-09 02:15:02.710629+05:30
BTCUSDT,37503.44744,BUY,7,0.0082,2023-01-09 02:15:03.251939+05:30
ETHUSDT,33171.93363,BUY,8,0.01,2023-01-09 02:15:07.360326+05:30
BNBBUSD,31052.663149999997,SELL,17,-0.014,2023-01-09 02:15:16.018644+05:30
CRVUSDT,31769.6273,SELL,8,0.01,2023-01-09 02:15:19.915254+05:30
ETHUSDT,31222.868710000002,BUY,4,0.01,2023-01-09 02:15:20.554258+05:30
NEARUSDT,30449.921399999996,BUY,26,0.01,2023-01-09 02:16:05.328625+05:30
DOGEBUSD,100277.885746,SELL,14,0.01,2023-01-09 02:20:20.112935+05:30
PEOPLEUSDT,32687.08784,SELL,40,-0.018,2023-01-09 02:21:23.211266+05:30
ADABUSD,31350.50794,SELL,27,0.0017,2023-01-09 02:22:12.596511+05:30
MATICBUSD,30316.5119778,SELL,33,0.01,2023-01-09 02:22:15.903259+05:30
XLMUSDT,55551.09043,SELL,20,0.0049,2023-01-09 02:23:20.319790+05:30
LITUSDT,31159.372799999997,SELL,41,0.01,2023-01-09 02:24:42.491398+05:30
ZILUSDT,30022.57276,SELL,58,0.0092,2023-01-09 02:30:53.301137+05:30
LDOUSDT,33287.112067,SELL,41,0.01,2023-01-09 02:32:06.455673+05:30
PHBBUSD,34364.493555,SELL,33,0.01,2023-01-09 02:33:13.202222+05:30
GRTUSDT,30712.02388,SELL,24,0.01,2023-01-09 02:36:46.298441+05:30
ZILUSDT,30724.012069999997,BUY,39,0.0092,2023-01-09 02:37:00.018059+05:30
C98USDT,31096.8802,SELL,51,0.01,2023-01-09 02:37:31.854251+05:30
COTIUSDT,33287.60224,SELL,46,-0.0227,2023-01-09 02:38:05.850807+05:30
BTCUSDT,53363.9566,BUY,6,0.0082,2023-01-09 02:38:22.682426+05:30
SOLUSDT,40490.1086,BUY,14,-0.0876,2023-01-09 02:38:33.383259+05:30
GMTUSDT,36588.198189999996,SELL,22,-0.0048,2023-01-09 02:38:49.196185+05:30
LINKUSDT,34030.46321,SELL,32,0.0026,2023-01-09 02:39:04.914733+05:30
GMTUSDT,33434.29182,BUY,11,-0.0048,2023-01-09 02:39:26.834333+05:30
GALAUSDT,31095.8869,SELL,27,0.009,2023-01-09 02:40:59.243635+05:30
GALABUSD,30951.2649257,SELL,33,0.01,2023-01-09 02:41:34.287577+05:30
ROSEUSDT,30036.8914,SELL,41,0.01,2023-01-09 02:42:10.250765+05:30
GRTUSDT,30121.79611,SELL,23,0.01,2023-01-09 02:44:02.346695+05:30
SANDUSDT,31734.17007,SELL,19,0.01,2023-01-09 02:46:54.872059+05:30
1000LUNCBUSD,32309.832233600002,SELL,33,0.01,2023-01-09 02:48:50.077957+05:30
LDOBUSD,30036.127407,SELL,26,0.0077,2023-01-09 02:53:44.103771+05:30
ETHUSDT,30129.13575,BUY,11,0.01,2023-01-09 03:02:57.044444+05:30
GALAUSDT,30250.0243,SELL,23,0.009,2023-01-09 03:05:16.961694+05:30
BTCUSDT,120295.3608,BUY,4,0.0082,2023-01-09 03:08:16.236609+05:30
ETHUSDT,129231.43474000001,BUY,6,0.01,2023-01-09 03:08:16.323552+05:30
GMTUSDT,33087.56208,BUY,9,-0.0048,2023-01-09 03:08:44.138803+05:30
BNBUSDT,34107.61753,BUY,19,-0.0286,2023-01-09 03:08:47.074724+05:30
GALUSDT,30071.8318,SELL,55,-0.0176,2023-01-09 03:09:17.309659+05:30
LDOUSDT,30048.960467,SELL,43,0.01,2023-01-09 03:11:23.267902+05:30
ETHUSDT,37218.10235,BUY,9,0.01,2023-01-09 03:11:26.950224+05:30
DYDXUSDT,30094.729,SELL,38,0.001,2023-01-09 03:16:17.947893+05:30
KAVAUSDT,34745.840449999996,SELL,42,-0.027,2023-01-09 03:47:09.379385+05:30
MKRUSDT,30664.30782,SELL,33,0.0076,2023-01-09 03:49:50.195778+05:30
ZILUSDT,30450.01875,SELL,41,0.0092,2023-01-09 03:59:53.445456+05:30
RVNUSDT,32932.46124,SELL,62,0.01,2023-01-09 04:01:01.666711+05:30
ZILUSDT,30930.4315,BUY,25,0.0092,2023-01-09 04:04:13.200155+05:30
VETUSDT,30537.577084999997,SELL,65,-0.0135,2023-01-09 04:04:33.516681+05:30
ZILUSDT,45610.25072,BUY,4,0.0092,2023-01-09 04:06:23.402133+05:30
FLMUSDT,30211.2135,SELL,78,0.0058,2023-01-09 04:08:53.671124+05:30
LRCUSDT,30392.57005,SELL,29,0.0089,2023-01-09 04:09:12.724910+05:30
TOMOUSDT,31271.3661,SELL,59,0.01,2023-01-09 04:09:34.358431+05:30
ALGOUSDT,30993.152430000002,SELL,36,0.01,2023-01-09 04:09:56.297023+05:30
ANKRUSDT,32245.264377,SELL,35,0.01,2023-01-09 04:12:39.562131+05:30
UNFIUSDT,32219.1938,SELL,65,0.0066,2023-01-09 04:21:31.991780+05:30
IOTXUSDT,30566.46639,SELL,26,0.01,2023-01-09 04:21:54.354201+05:30
ZILUSDT,32668.11101,BUY,10,0.0092,2023-01-09 04:22:23.438583+05:30
AVAXUSDT,30416.259100000003,SELL,20,0.01,2023-01-09 04:24:28.250177+05:30
GMTUSDT,61661.13562,BUY,16,-0.0048,2023-01-09 04:24:50.899246+05:30
GMTBUSD,30279.842687750002,SELL,30,-0.0067,2023-01-09 04:24:52.638862+05:30
XRPUSDT,35621.95901,SELL,28,0.01,2023-01-09 04:26:02.968335+05:30
BTCUSDT,32937.26972,SELL,12,0.0082,2023-01-09 04:26:03.092744+05:30
BLZUSDT,31768.01278,SELL,64,0.01,2023-01-09 04:26:25.503766+05:30
ONEUSDT,30535.18031,SELL,56,-0.071,2023-01-09 04:28:06.574569+05:30
WAVESUSDT,37448.60311,SELL,43,0.01,2023-01-09 04:29:09.382811+05:30
1INCHUSDT,30239.571500000002,SELL,18,0.01,2023-01-09 04:29:52.234311+05:30
CHRUSDT,31602.147300000004,SELL,43,0.01,2023-01-09 04:30:19.946778+05:30
ARUSDT,30074.3194,SELL,24,0.01,2023-01-09 04:30:23.219013+05:30
WOOUSDT,34524.14426,BUY,39,-0.0046,2023-01-09 04:31:59.904384+05:30
WAVESUSDT,31961.73664,BUY,7,0.01,2023-01-09 04:32:28.978672+05:30
DOTUSDT,30226.7807,SELL,21,0.01,2023-01-09 04:32:35.131053+05:30
SNXUSDT,34101.4461,SELL,73,0.0001,2023-01-09 04:33:02.578473+05:30
MASKUSDT,30024.0405,SELL,45,0.01,2023-01-09 04:34:50.233704+05:30
GMTUSDT,55096.64108,BUY,13,-0.0048,2023-01-09 04:35:07.334610+05:30
SOLUSDT,31720.8189,SELL,18,-0.0876,2023-01-09 04:35:15.050878+05:30
OPUSDT,30034.485530730002,BUY,28,0.0082,2023-01-09 04:35:15.788285+05:30
ETHUSDT,37655.07624,SELL,18,0.01,2023-01-09 04:35:20.061299+05:30
BNBUSDT,31153.4699,BUY,36,-0.0286,2023-01-09 04:35:49.027360+05:30
WAVESUSDT,35275.919440000005,BUY,15,0.01,2023-01-09 04:36:01.995992+05:30
BTCUSDT,43631.155450000006,SELL,18,0.0082,2023-01-09 04:37:29.118194+05:30
ETCUSDT,31477.65069,SELL,27,0.01,2023-01-09 04:37:34.552294+05:30
MATICUSDT,44931.39099,BUY,33,0.01,2023-01-09 04:37:37.309297+05:30
ETHUSDT,68880.17046,BUY,17,0.01,2023-01-09 04:37:39.727683+05:30
RUNEUSDT,31341.8556,SELL,90,0.01,2023-01-09 04:37:40.406261+05:30
LINKUSDT,50862.14247,BUY,19,0.0026,2023-01-09 04:37:41.982936+05:30
APEUSDT,110719.2341,SELL,27,-0.1127,2023-01-09 04:38:04.064210+05:30
APTUSDT,78660.891219,SELL,24,-0.0009,2023-01-09 04:38:09.697502+05:30
FILUSDT,39421.3872,SELL,17,0.01,2023-01-09 04:38:09.784800+05:30
ADAUSDT,30717.60104,SELL,38,0.01,2023-01-09 04:38:10.457121+05:30
DOGEUSDT,35202.12975,SELL,52,0.01,2023-01-09 04:38:12.150642+05:30
OCEANUSDT,30921.340940000002,SELL,32,-0.0437,2023-01-09 04:38:12.239858+05:30
DGBUSDT,30064.77288,SELL,44,-0.0249,2023-01-09 04:38:13.291451+05:30
BTCBUSD,30207.5016,SELL,7,-0.0066,2023-01-09 04:38:14.382736+05:30
ETHUSDT,89435.18723,BUY,5,0.01,2023-01-09 04:38:14.509449+05:30
STGUSDT,30098.9756212,SELL,34,-0.0179,2023-01-09 04:38:15.447314+05:30
ROSEUSDT,30062.60861,BUY,29,0.01,2023-01-09 04:38:16.593777+05:30
MATICUSDT,43398.90808,BUY,15,0.01,2023-01-09 04:38:18.605510+05:30
BTCUSDT,30879.292400000002,BUY,12,0.0082,2023-01-09 04:38:22.522889+05:30
CELOUSDT,32421.9037,SELL,35,0.0078,2023-01-09 04:38:22.763683+05:30
BNBBUSD,31191.23748,BUY,27,-0.014,2023-01-09 04:38:23.375708+05:30
LTCUSDT,37624.96084,BUY,22,0.01,2023-01-09 04:38:25.940448+05:30
BNBUSDT,40435.3006,BUY,33,-0.0286,2023-01-09 04:38:42.360540+05:30
TRXUSDT,31587.987670000002,SELL,28,-0.2832,2023-01-09 04:39:00.187766+05:30
WAVESUSDT,38211.69258,BUY,20,0.01,2023-01-09 04:39:03.994967+05:30
ETHUSDT_230331,33441.63522,SELL,13,0.0,2023-01-09 04:39:04.191975+05:30
ETHBUSD,1055418.50577,SELL,13,0.0061,2023-01-09 04:39:05.621069+05:30
GALAUSDT,30416.66716,SELL,47,0.009,2023-01-09 04:39:06.681416+05:30
BCHUSDT,40736.024170000004,SELL,24,-0.0004,2023-01-09 04:39:11.369441+05:30
AXSUSDT,34962.7388,SELL,31,0.0055,2023-01-09 04:39:11.530316+05:30
ETHUSDT,65131.19137,BUY,20,0.01,2023-01-09 04:39:13.062532+05:30
EOSUSDT,31478.513,SELL,61,0.01,2023-01-09 04:39:13.293179+05:30
NEARUSDT,31071.2372,SELL,22,0.01,2023-01-09 04:39:14.497012+05:30
SOLUSDT,36875.7372,BUY,19,-0.0876,2023-01-09 04:39:14.621767+05:30
HBARUSDT,36627.5533,SELL,69,0.01,2023-01-09 04:39:14.999111+05:30
BTCBUSD,272614.0722,BUY,3,-0.0066,2023-01-09 04:39:15.733490+05:30
APEUSDT,165348.37499999997,BUY,11,-0.1127,2023-01-09 04:39:16.072447+05:30
ETHUSDT,102233.26104000001,BUY,2,0.01,2023-01-09 04:39:17.058314+05:30
GMTUSDT,30133.033750000002,BUY,16,-0.0048,2023-01-09 04:39:17.578847+05:30
ETHBUSD,115312.70129999997,BUY,4,0.0061,2023-01-09 04:39:17.984711+05:30
FILUSDT,35900.176699999996,BUY,2,0.01,2023-01-09 04:39:19.288483+05:30
XMRUSDT,33546.0285,BUY,9,-0.0538,2023-01-09 04:39:19.375146+05:30
SANDUSDT,30481.36963,SELL,13,0.01,2023-01-09 04:39:20.036569+05:30
MASKUSDT,30324.254,SELL,16,0.01,2023-01-09 04:39:21.466669+05:30
THETAUSDT,40588.33208000001,SELL,34,0.0043,2023-01-09 04:39:21.590559+05:30
ETCUSDT,32736.91474,SELL,21,0.01,2023-01-09 04:39:21.855914+05:30
XRPUSDT,31862.88507,SELL,18,0.01,2023-01-09 04:39:22.336695+05:30
BAKEUSDT,30239.452,SELL,60,0.0082,2023-01-09 04:39:23.068729+05:30
BTCUSDT,31155.2759,SELL,19,0.0082,2023-01-09 04:39:24.343925+05:30
APEUSDT,61704.1404,BUY,4,-0.1127,2023-01-09 04:39:28.631342+05:30
MATICUSDT,31268.70378,SELL,22,0.01,2023-01-09 04:39:29.299423+05:30
1000LUNCBUSD,30223.2328511,BUY,14,0.01,2023-01-09 04:39:29.606049+05:30
GALABUSD,30193.7594086,SELL,44,0.01,2023-01-09 04:39:30.060321+05:30
APEBUSD,33323.29863986,SELL,58,-0.1029,2023-01-09 04:39:30.330676+05:30
MATICBUSD,31649.6937613,BUY,25,0.01,2023-01-09 04:39:30.891870+05:30
ADAUSDT,64067.06011,BUY,19,0.01,2023-01-09 04:39:31.051307+05:30
ETCUSDT,48926.375400000004,BUY,2,0.01,2023-01-09 04:39:31.641553+05:30
BNBUSDT,31049.5119,BUY,13,-0.0286,2023-01-09 04:39:31.803146+05:30
AVAXUSDT,41978.250499999995,BUY,13,0.01,2023-01-09 04:39:32.248198+05:30
XRPUSDT,54934.73749,BUY,3,0.01,2023-01-09 04:39:35.196650+05:30
APTUSDT,43020.956569999995,BUY,12,-0.0009,2023-01-09 04:39:36.582574+05:30
DOTUSDT,30267.887499999997,BUY,23,0.01,2023-01-09 04:39:37.375002+05:30
OPUSDT,32661.45377412,BUY,17,0.0082,2023-01-09 04:39:37.464631+05:30
AVAXBUSD,30607.529252700002,SELL,47,0.01,2023-01-09 04:39:37.776734+05:30
JASMYUSDT,31755.493834,SELL,39,0.0069,2023-01-09 04:39:37.903260+05:30
FTMUSDT,31178.259652,BUY,38,0.0064,2023-01-09 04:39:38.760703+05:30
LDOUSDT,30084.469296,SELL,30,0.01,2023-01-09 04:41:51.820217+05:30
WOOUSDT,30819.14116,BUY,32,-0.0046,2023-01-09 04:42:47.906134+05:30
MASKUSDT,30503.768500000002,SELL,11,0.01,2023-01-09 04:43:12.254182+05:30
GMTUSDT,31594.4157,BUY,12,-0.0048,2023-01-09 04:45:05.726034+05:30
IMXUSDT,30332.706,SELL,32,-0.0109,2023-01-09 04:46:53.435101+05:30
KAVAUSDT,31501.00276,BUY,32,-0.027,2023-01-09 04:46:56.761859+05:30
BCHUSDT,34833.92394,BUY,10,-0.0004,2023-01-09 04:47:03.397549+05:30
MATICUSDT,34990.81325000001,BUY,14,0.01,2023-01-09 04:47:22.521622+05:30
SOLUSDT,30017.5285,BUY,15,-0.0876,2023-01-09 04:47:37.387277+05:30
LITUSDT,36370.1974,BUY,9,0.01,2023-01-09 04:48:37.044829+05:30
SOLUSDT,30802.268,BUY,20,-0.0876,2023-01-09 05:25:27.245460+05:30
SOLUSDT,45412.295000000006,BUY,6,-0.0876,2023-01-09 05:26:33.635168+05:30
BTCUSDT,234227.48841,SELL,15,0.0082,2023-01-09 05:26:33.724271+05:30
ETHUSDT,68041.75404,SELL,18,0.01,2023-01-09 05:26:33.893760+05:30
ETHUSDT,71021.58812,BUY,1,0.01,2023-01-09 05:26:35.250957+05:30
GMTUSDT,34286.63285,BUY,16,-0.0048,2023-01-09 05:26:38.309094+05:30
CHZUSDT,32187.12282,SELL,57,0.0035,2023-01-09 05:26:38.397276+05:30
DASHUSDT,30757.21481,SELL,26,0.01,2023-01-09 05:26:39.017389+05:30
ETHBUSD,61053.46951,BUY,9,0.0061,2023-01-09 05:26:40.791292+05:30
SOLUSDT,30338.7418,BUY,9,-0.0876,2023-01-09 05:26:48.374337+05:30
XMRUSDT,54459.49416000001,BUY,3,-0.0538,2023-01-09 05:26:59.260135+05:30
BTCUSDT,45776.861600000004,SELL,8,0.0082,2023-01-09 05:26:59.564510+05:30
DYDXUSDT,30245.887899999998,BUY,17,0.001,2023-01-09 05:26:59.793973+05:30
1000LUNCUSDT,30830.8360108,SELL,35,0.0056,2023-01-09 05:27:00.321289+05:30
ETHUSDT,36369.56332,SELL,4,0.01,2023-01-09 05:27:00.552377+05:30
LTCUSDT,36334.32375,BUY,30,0.01,2023-01-09 05:27:05.032473+05:30
SOLBUSD,30328.1637,SELL,60,-0.0892,2023-01-09 05:27:05.412609+05:30
ADAUSDT,57600.60681000001,BUY,8,0.01,2023-01-09 05:27:05.501368+05:30
BTCUSDT,101480.74605000002,BUY,2,0.0082,2023-01-09 05:27:05.589181+05:30
BTCUSDT,83423.24554999999,BUY,1,0.0082,2023-01-09 05:27:06.512518+05:30
ALGOUSDT,56460.79018999999,BUY,32,0.01,2023-01-09 05:27:07.227209+05:30
OPUSDT,32343.13110608,BUY,14,0.0082,2023-01-09 05:27:09.147940+05:30
BTCBUSD,45198.024300000005,BUY,18,-0.0066,2023-01-09 05:27:09.238031+05:30
ATOMUSDT,35716.57105,BUY,34,0.0092,2023-01-09 05:27:10.972345+05:30
ETHBUSD,112042.12168,SELL,3,0.0061,2023-01-09 05:27:11.210640+05:30
ETCUSDT,31982.44595,BUY,11,0.01,2023-01-09 05:27:11.713747+05:30
1INCHUSDT,30252.057500000003,SELL,10,0.01,2023-01-09 05:27:11.991213+05:30
TRXUSDT,37635.21321,SELL,20,-0.2832,2023-01-09 05:27:12.081136+05:30
LINKUSDT,34297.69702,SELL,30,0.0026,2023-01-09 05:27:12.355885+05:30
BCHUSDT,60033.6283,BUY,7,-0.0004,2023-01-09 05:27:13.889512+05:30
BNBUSDT,34291.40221,SELL,12,-0.0286,2023-01-09 05:27:16.030286+05:30
FILUSDT,35337.9452,BUY,4,0.01,2023-01-09 05:27:17.169156+05:30
BTCUSDT,47831.36634,BUY,9,0.0082,2023-01-09 05:27:18.447011+05:30
AXSUSDT,38921.08271,BUY,10,0.0055,2023-01-09 05:27:20.879730+05:30
ETHUSDT,45833.15645,BUY,12,0.01,2023-01-09 05:27:23.216209+05:30
BNBUSDT,30352.900500000003,BUY,3,-0.0286,2023-01-09 05:27:23.308328+05:30
BTCUSDT,36608.579399999995,BUY,2,0.0082,2023-01-09 05:27:27.594836+05:30
BTCUSDT,153616.66908,BUY,1,0.0082,2023-01-09 05:27:28.571913+05:30
HOTUSDT,37820.800718,SELL,32,0.01,2023-01-09 05:27:28.661375+05:30
SOLUSDT,35458.014200000005,BUY,18,-0.0876,2023-01-09 05:27:28.897929+05:30
ETCUSDT,80321.40555000001,BUY,6,0.01,2023-01-09 05:27:29.395446+05:30
1000SHIBUSDT,38173.018608,SELL,26,0.01,2023-01-09 05:27:29.483743+05:30
DOGEUSDT,41490.879711999994,SELL,29,0.01,2023-01-09 05:27:32.051096+05:30
ZECUSDT,38586.7004,SELL,40,-0.0005,2023-01-09 05:27:32.860401+05:30
GALAUSDT,31487.18468,BUY,22,0.009,2023-01-09 05:27:33.134000+05:30
FTMBUSD,32533.918793,SELL,61,0.01,2023-01-09 05:27:33.878611+05:30
BTCBUSD,38716.6271,BUY,10,-0.0066,2023-01-09 05:27:34.726941+05:30
MATICUSDT,77935.1292,SELL,31,0.01,2023-01-09 05:27:36.139533+05:30
MASKUSDT,39079.9583,BUY,11,0.01,2023-01-09 05:27:36.304115+05:30
BNBUSDT,32819.00215,BUY,4,-0.0286,2023-01-09 05:27:37.141061+05:30
FTMUSDT,33191.7407,BUY,18,0.0064,2023-01-09 05:27:37.675691+05:30
AAVEUSDT,34527.3456,SELL,54,0.01,2023-01-09 05:27:38.829794+05:30
LTCUSDT,33793.34953,BUY,15,0.01,2023-01-09 05:27:39.250069+05:30
BNBBUSD,30999.48788,SELL,24,-0.014,2023-01-09 05:27:40.240290+05:30
ATAUSDT,33266.6185,SELL,45,0.01,2023-01-09 05:27:40.858195+05:30
ETHUSDT,34799.58289,BUY,7,0.01,2023-01-09 05:27:42.316304+05:30
BATUSDT,30058.83313,SELL,75,0.01,2023-01-09 05:27:42.668519+05:30
ETHUSDT,102067.80304,BUY,1,0.01,2023-01-09 05:27:46.794013+05:30
RLCUSDT,31947.76444,SELL,51,-0.0358,2023-01-09 05:27:47.319074+05:30
ADAUSDT,36866.711859999996,BUY,16,0.01,2023-01-09 05:27:48.278091+05:30
LTCBUSD,30011.73285181,BUY,39,0.01,2023-01-09 05:27:48.619383+05:30
APTUSDT,30521.160184999997,SELL,26,-0.0009,2023-01-09 05:27:48.963813+05:30
LTCUSDT,30625.72379,BUY,12,0.01,2023-01-09 05:27:49.456717+05:30
DOTUSDT,48840.43090000001,SELL,23,0.01,2023-01-09 05:29:43.781515+05:30
LINKUSDT,54078.91623,BUY,15,0.0026,2023-01-09 05:30:19.570850+05:30
CRVUSDT,36501.664899999996,BUY,35,0.01,2023-01-09 05:30:37.286620+05:30
BCHUSDT,30192.977870000002,BUY,12,-0.0004,2023-01-09 05:30:52.817112+05:30
MANAUSDT,31751.8944,SELL,32,0.01,2023-01-09 05:31:20.745910+05:30
SANDUSDT,41184.6023,SELL,11,0.01,2023-01-09 05:31:24.740739+05:30
ANKRUSDT,30155.500632,SELL,37,0.01,2023-01-09 05:31:30.635117+05:30
BTCUSDT,31683.589229999998,SELL,13,0.0082,2023-01-09 05:31:30.843667+05:30
XRPUSDT,32627.004009999997,SELL,30,0.01,2023-01-09 05:31:40.583453+05:30
MASKUSDT,31870.171299999998,BUY,6,0.01,2023-01-09 05:32:16.417208+05:30
ADABUSD,39053.536649999995,SELL,27,0.0017,2023-01-09 05:32:24.964829+05:30
LUNA2BUSD,30887.4568881,SELL,41,0.0068,2023-01-09 05:32:37.224137+05:30
MASKUSDT,60534.5248,BUY,13,0.01,2023-01-09 05:33:35.239897+05:30
LINKUSDT,31471.83621,SELL,7,0.0026,2023-01-09 05:34:04.371349+05:30
NEARUSDT,37321.6168,BUY,19,0.01,2023-01-09 05:34:15.914254+05:30
KAVAUSDT,31678.97384,SELL,18,-0.027,2023-01-09 05:34:19.753335+05:30
MASKUSDT,30171.929999999997,BUY,10,0.01,2023-01-09 05:36:25.231438+05:30
ADAUSDT,40262.704750000004,BUY,20,0.01,2023-01-09 05:36:26.392950+05:30
ADABUSD,89609.03631999998,BUY,6,0.0017,2023-01-09 05:37:05.059256+05:30
BANDUSDT,30027.906000000003,SELL,68,0.01,2023-01-09 05:37:18.837251+05:30
DYDXUSDT,31450.452400000002,SELL,25,0.001,2023-01-09 05:37:38.998749+05:30
WOOUSDT,30443.2888,BUY,40,-0.0046,2023-01-09 05:37:42.955100+05:30
1000SHIBUSDT,64147.997714000005,SELL,18,0.01,2023-01-09 05:38:22.247757+05:30
NEARUSDT,81187.59330000001,BUY,7,0.01,2023-01-09 05:38:22.478365+05:30
XLMUSDT,32880.52858,SELL,33,0.0049,2023-01-09 05:38:23.610792+05:30
BTCBUSD,33620.917700000005,BUY,6,-0.0066,2023-01-09 05:42:32.000613+05:30
BTCUSDT,192922.94874,BUY,7,0.0082,2023-01-09 05:42:49.636557+05:30
FTMUSDT,32091.737420999998,BUY,10,0.0064,2023-01-09 05:42:55.742692+05:30
BTCUSDT,59995.972100000006,BUY,3,0.0082,2023-01-09 05:42:55.830830+05:30
BTCUSDT,53354.72520000001,BUY,1,0.0082,2023-01-09 05:42:56.961915+05:30
SOLUSDT,31786.068199999998,SELL,18,-0.0876,2023-01-09 05:42:57.546344+05:30
BTCUSDT,36303.1488,BUY,3,0.0082,2023-01-09 05:43:00.366862+05:30
LTCUSDT,36099.19945,BUY,28,0.01,2023-01-09 05:43:01.084867+05:30
TRXUSDT,30452.95086,BUY,20,-0.2832,2023-01-09 05:43:31.706843+05:30
BNBUSDT,78714.25375999999,BUY,12,-0.0286,2023-01-09 05:43:31.877302+05:30
ATOMUSDT,34647.756819999995,BUY,29,0.0092,2023-01-09 05:43:41.274673+05:30
LTCUSDT,58437.558939999995,BUY,4,0.01,2023-01-09 05:43:51.443543+05:30
ETHUSDT,33836.68225,SELL,21,0.01,2023-01-09 05:43:51.905438+05:30
ADAUSDT,30116.50234,SELL,16,0.01,2023-01-09 05:43:57.369180+05:30
DOGEUSDT,60501.097565000004,SELL,14,0.01,2023-01-09 05:43:58.447024+05:30
BTCUSDT,33347.616500000004,BUY,6,0.0082,2023-01-09 05:44:00.511419+05:30
BTCBUSD,51150.4678,BUY,12,-0.0066,2023-01-09 05:44:14.336114+05:30
LTCBUSD,31110.970799199997,BUY,16,0.01,2023-01-09 05:47:14.575825+05:30
LTCUSDT,33035.98757,BUY,22,0.01,2023-01-09 05:47:18.189082+05:30
NEARUSDT,45360.8706,BUY,16,0.01,2023-01-09 05:50:10.411390+05:30
NEARUSDT,34799.8762,BUY,6,0.01,2023-01-09 05:51:01.362471+05:30
MANAUSDT,47194.701,BUY,17,0.01,2023-01-09 05:51:44.088597+05:30
ETHUSDT,60190.60441,SELL,14,0.01,2023-01-09 05:51:44.214337+05:30
DOTUSDT,43114.129499999995,SELL,18,0.01,2023-01-09 05:51:44.304929+05:30
NEARUSDT,48713.73299999999,BUY,4,0.01,2023-01-09 05:52:14.178011+05:30
ALPHAUSDT,30022.43939,SELL,53,0.01,2023-01-09 05:52:15.474091+05:30
NEARBUSD,30818.894569199998,BUY,29,0.01,2023-01-09 05:52:17.187953+05:30
BTCUSDT,30036.110800000002,SELL,10,0.0082,2023-01-09 05:52:57.414636+05:30
LDOUSDT,31676.402685,SELL,32,0.01,2023-01-09 05:53:01.179030+05:30
SUSHIUSDT,38062.1024,SELL,47,0.01,2023-01-09 05:54:19.612947+05:30
ETHUSDT,41052.09761,SELL,3,0.01,2023-01-09 05:55:10.963352+05:30
SANDUSDT,42057.90354,SELL,6,0.01,2023-01-09 05:55:33.970680+05:30
ADAUSDT,30477.3706,BUY,5,0.01,2023-01-09 05:55:37.804194+05:30
MANAUSDT,30367.9661,BUY,18,0.01,2023-01-09 05:56:18.590416+05:30
SANDUSDT,31413.177490000002,BUY,7,0.01,2023-01-09 05:56:49.374988+05:30
LTCUSDT,36242.75508,BUY,13,0.01,2023-01-09 05:57:30.336021+05:30
RSRUSDT,31283.978997,SELL,66,-0.0064,2023-01-09 05:59:46.771437+05:30
FLOWUSDT,30394.159299999996,SELL,46,0.01,2023-01-09 06:01:08.774604+05:30
LTCUSDT,48247.69708,BUY,16,0.01,2023-01-09 06:01:51.042106+05:30
LINAUSDT,33094.95704,SELL,50,0.01,2023-01-09 06:01:52.234237+05:30
SANDUSDT,30067.24003,BUY,16,0.01,2023-01-09 06:02:22.667121+05:30
SANDUSDT,51550.898140000005,BUY,2,0.01,2023-01-09 06:02:25.647327+05:30
NEARUSDT,62066.5349,BUY,19,0.01,2023-01-09 06:02:25.741008+05:30
OPUSDT,47672.71873365,SELL,18,0.0082,2023-01-09 06:02:25.834455+05:30
SKLUSDT,30027.80353,SELL,28,0.01,2023-01-09 06:03:20.260838+05:30
BCHUSDT,32882.73416,BUY,24,-0.0004,2023-01-09 06:03:26.748996+05:30
ETHUSDT,41711.918900000004,BUY,7,0.01,2023-01-09 06:03:40.714403+05:30
EOSUSDT,276122.0516,BUY,28,0.01,2023-01-09 06:07:38.523504+05:30
ETCUSDT,33138.05494,SELL,30,0.01,2023-01-09 06:09:38.526281+05:30
FTMUSDT,32724.332396,BUY,11,0.0064,2023-01-09 06:09:40.321201+05:30
ADAUSDT,30392.6347,BUY,5,0.01,2023-01-09 06:10:19.667044+05:30
LTCUSDT,40891.3658,BUY,22,0.01,2023-01-09 06:10:19.760057+05:30
SOLUSDT,39298.2783,BUY,23,-0.0876,2023-01-09 06:10:22.567556+05:30
XRPUSDT,40312.93036,SELL,7,0.01,2023-01-09 06:10:36.276087+05:30
BCHUSDT,30992.7453,BUY,4,-0.0004,2023-01-09 06:10:36.367530+05:30
ANTUSDT,31527.637000000002,SELL,49,0.0018,2023-01-09 06:11:37.822959+05:30
DASHUSDT,31004.683109999998,BUY,35,0.01,2023-01-09 06:13:27.367692+05:30
LTCUSDT,120046.32507999998,SELL,13,0.01,2023-01-09 06:13:54.352465+05:30
FILUSDT,31540.2566,SELL,12,0.01,2023-01-09 06:13:55.298363+05:30
NEARUSDT,41143.4106,BUY,17,0.01,2023-01-09 06:13:56.806589+05:30
LTCBUSD,32970.86701817,BUY,14,0.01,2023-01-09 06:14:03.713189+05:30
BNBUSDT,33929.09938,BUY,24,-0.0286,2023-01-09 06:14:08.705109+05:30
ETHUSDT,32287.528449999998,BUY,18,0.01,2023-01-09 06:17:02.906467+05:30
RUNEUSDT,30352.7503,SELL,39,0.01,2023-01-09 06:17:03.034420+05:30
LTCUSDT,30258.72345,BUY,22,0.01,2023-01-09 06:17:17.754768+05:30
ETHUSDT,42130.70195,BUY,5,0.01,2023-01-09 06:17:21.338866+05:30
BTCUSDT,30095.54035,SELL,22,0.0082,2023-01-09 06:17:48.681723+05:30
JASMYUSDT,31375.720816,BUY,29,0.0069,2023-01-09 06:17:54.679454+05:30
COTIUSDT,30054.934409999998,BUY,35,-0.0227,2023-01-09 06:17:56.527107+05:30
ETHUSDT,48431.74528,BUY,8,0.01,2023-01-09 06:17:57.554699+05:30
WAVESUSDT,30542.5631,SELL,16,0.01,2023-01-09 06:17:58.938518+05:30
ZRXUSDT,32959.01552,SELL,64,-0.0302,2023-01-09 06:17:59.408735+05:30
APEUSDT,30845.6553,SELL,25,-0.1127,2023-01-09 06:18:07.699313+05:30
ETHBUSD,34818.78026,SELL,24,0.0061,2023-01-09 06:18:13.047317+05:30
BNBBUSD,34131.72674,BUY,13,-0.014,2023-01-09 06:18:17.370924+05:30
BTCUSDT,42169.335399999996,BUY,10,0.0082,2023-01-09 06:18:17.642700+05:30
ETHUSDT,30302.26888,BUY,5,0.01,2023-01-09 06:18:18.771995+05:30
IOSTUSDT,32384.427046,SELL,76,0.0059,2023-01-09 06:18:21.153250+05:30
RENUSDT,30021.390629999998,SELL,48,0.0086,2023-01-09 06:18:21.765938+05:30
LINKUSDT,34973.70633,BUY,18,0.0026,2023-01-09 06:18:22.339904+05:30
ETCUSDT,63943.56887,BUY,19,0.01,2023-01-09 06:18:22.801627+05:30
DOTUSDT,31218.475599999998,BUY,22,0.01,2023-01-09 06:18:23.218032+05:30
LTCUSDT,38755.25328,BUY,11,0.01,2023-01-09 06:18:24.860004+05:30
ETHUSDT,36319.4634,BUY,3,0.01,2023-01-09 06:18:24.951507+05:30
1000SHIBUSDT,30491.485889000003,BUY,21,0.01,2023-01-09 06:19:20.003526+05:30
AVAXUSDT,31656.001,SELL,35,0.01,2023-01-09 06:23:56.920844+05:30
ADAUSDT,32927.83916,BUY,12,0.01,2023-01-09 06:23:59.424670+05:30
GALAUSDT,30055.6639,SELL,47,0.009,2023-01-09 06:24:24.747856+05:30
EGLDUSDT,31586.3379,SELL,41,0.0044,2023-01-09 06:24:33.333965+05:30
SOLBUSD,40175.149,BUY,29,-0.0892,2023-01-09 06:25:53.758968+05:30
BNBUSDT,30508.13012,BUY,22,-0.0286,2023-01-09 06:26:06.994918+05:30
BTCUSDT,41276.6636,BUY,8,0.0082,2023-01-09 06:26:12.965708+05:30
ETHUSDT,260007.96718999997,BUY,5,0.01,2023-01-09 06:26:13.167769+05:30
SOLUSDT,39517.4606,BUY,17,-0.0876,2023-01-09 06:26:17.214261+05:30
SOLBUSD,95674.49489999999,BUY,3,-0.0892,2023-01-09 06:26:17.457217+05:30
DOGEUSDT,35121.18951,SELL,49,0.01,2023-01-09 06:26:21.627652+05:30
ICPUSDT,30123.620281,SELL,27,-0.0072,2023-01-09 06:26:22.541898+05:30
ADAUSDT,100670.99183,BUY,16,0.01,2023-01-09 06:26:47.169604+05:30
BNBUSDT,35883.21739,BUY,18,-0.0286,2023-01-09 06:27:01.939137+05:30
KNCUSDT,30654.41699,SELL,32,0.01,2023-01-09 06:27:02.691875+05:30
MKRUSDT,30645.185019999997,SELL,35,0.0076,2023-01-09 06:27:03.114029+05:30
ETHUSDT,30874.972050000004,BUY,9,0.01,2023-01-09 06:27:04.053508+05:30
1000SHIBUSDT,30055.304319,BUY,29,0.01,2023-01-09 06:27:05.347128+05:30
ADABUSD,33063.652440000005,BUY,24,0.0017,2023-01-09 06:27:13.022585+05:30
ADAUSDT,19638178.93376,BUY,13,0.01,2023-01-09 06:27:13.857936+05:30
XMRUSDT,30682.845530000002,SELL,24,-0.0538,2023-01-09 06:27:14.166704+05:30
FTMUSDT,31101.2843,BUY,18,0.0064,2023-01-09 06:27:15.170256+05:30
ETHUSDT,71697.03296,BUY,4,0.01,2023-01-09 06:27:15.295707+05:30
LTCUSDT,45739.15318000001,BUY,16,0.01,2023-01-09 06:27:15.385425+05:30
COMPUSDT,30783.83012,SELL,34,0.01,2023-01-09 06:27:15.833395+05:30
TRXBUSD,34031.4534765,SELL,39,-0.2587,2023-01-09 06:27:17.344582+05:30
BNXUSDT,30075.57436,SELL,27,-0.0841,2023-01-09 06:27:18.028122+05:30
STORJUSDT,31305.6303,SELL,34,0.01,2023-01-09 06:27:19.468856+05:30
SNXUSDT,30075.0322,BUY,37,0.0001,2023-01-09 06:27:19.597055+05:30
BTCDOMUSDT,34107.2725,SELL,61,0.01,2023-01-09 06:27:20.474129+05:30
BCHUSDT,30851.87596,BUY,12,-0.0004,2023-01-09 06:27:20.638817+05:30
COTIUSDT,50608.488750000004,BUY,9,-0.0227,2023-01-09 06:27:24.574854+05:30
GRTUSDT,44909.22466,SELL,28,0.01,2023-01-09 06:27:24.666557+05:30
MANAUSDT,32893.0021,BUY,18,0.01,2023-01-09 06:27:25.344330+05:30
ETCUSDT,36812.3605,SELL,15,0.01,2023-01-09 06:27:26.164964+05:30
OCEANUSDT,31579.57228,SELL,37,-0.0437,2023-01-09 06:27:26.950824+05:30
ETCUSDT,198233.03915,BUY,7,0.01,2023-01-09 06:28:53.303935+05:30
AVAXUSDT,31041.5181,BUY,14,0.01,2023-01-09 06:28:54.648613+05:30
LDOUSDT,32151.165221000003,SELL,32,0.01,2023-01-09 06:28:55.178055+05:30
MATICUSDT,30774.469699999998,SELL,29,0.01,2023-01-09 06:28:55.741154+05:30
BTCUSDT,42738.00164,SELL,18,0.0082,2023-01-09 06:28:56.924621+05:30
XRPUSDT,31146.24772,SELL,18,0.01,2023-01-09 06:28:57.198651+05:30
GALUSDT,30121.70862,SELL,56,-0.0176,2023-01-09 06:28:58.092060+05:30
ALGOUSDT,30999.69998,BUY,47,0.01,2023-01-09 06:28:58.440500+05:30
TRXUSDT,78626.60834,SELL,20,-0.2832,2023-01-09 06:28:59.591392+05:30
DOTUSDT,44192.811299999994,SELL,13,0.01,2023-01-09 06:29:00.998258+05:30
ETHUSDT,38064.13875,BUY,14,0.01,2023-01-09 06:29:01.089720+05:30
LTCUSDT,36407.70086,BUY,11,0.01,2023-01-09 06:29:03.302377+05:30
BNBUSDT,31321.283040000002,BUY,17,-0.0286,2023-01-09 06:29:04.288578+05:30
CHZUSDT,30662.336310000002,SELL,31,0.0035,2023-01-09 06:29:04.820122+05:30
FILUSDT,38783.1718,SELL,10,0.01,2023-01-09 06:29:05.023392+05:30
ENSUSDT,31480.625200000002,BUY,38,0.0076,2023-01-09 06:29:05.114921+05:30
KSMUSDT,30656.775700000002,SELL,62,0.01,2023-01-09 06:29:09.815715+05:30
BTCUSDT,32350.929999999993,SELL,5,0.0082,2023-01-09 06:29:10.236172+05:30
ATOMUSDT,30453.53361,SELL,38,0.0092,2023-01-09 06:29:20.973408+05:30
ETHBUSD,36829.588520000005,BUY,9,0.0061,2023-01-09 06:29:24.516593+05:30
FTMUSDT,34772.107,BUY,6,0.0064,2023-01-09 06:29:29.517251+05:30
BTCBUSD,31943.692600000002,BUY,13,-0.0066,2023-01-09 06:29:56.457670+05:30
BTCUSDT,30591.139,BUY,8,0.0082,2023-01-09 06:29:56.734741+05:30
CELRUSDT,30237.346550000002,SELL,79,-0.0123,2023-01-09 06:29:58.007688+05:30
UNIUSDT,30328.6881,SELL,50,0.0052,2023-01-09 06:29:58.318359+05:30
BNBBUSD,37509.05795,BUY,30,-0.014,2023-01-09 06:29:58.753626+05:30
LPTUSDT,30225.8864,SELL,24,-0.0584,2023-01-09 06:30:26.049512+05:30
DOTUSDT,36264.6975,BUY,5,0.01,2023-01-09 06:30:45.270166+05:30
LINKUSDT,30002.12812,BUY,25,0.0026,2023-01-09 06:30:53.522503+05:30
BTCUSDT,39535.92080000001,BUY,3,0.0082,2023-01-09 06:31:07.240367+05:30
DOGEUSDT,54054.040890000004,SELL,16,0.01,2023-01-09 06:31:07.766702+05:30
BNBUSDT,60926.57685,BUY,18,-0.0286,2023-01-09 06:31:07.857725+05:30
ENJUSDT,30529.9958,BUY,28,0.0074,2023-01-09 06:31:08.022035+05:30
GALAUSDT,31151.16559,SELL,17,0.009,2023-01-09 06:31:22.536869+05:30
ETHUSDT,36570.82073,BUY,14,0.01,2023-01-09 06:31:22.737296+05:30
DYDXUSDT,70930.9629,SELL,24,0.001,2023-01-09 06:31:26.369124+05:30
ADAUSDT,30926.25084,BUY,18,0.01,2023-01-09 06:34:05.229784+05:30
TRXUSDT,32587.72222,BUY,14,-0.2832,2023-01-09 06:34:09.110913+05:30
ADAUSDT,124727.90844,BUY,1,0.01,2023-01-09 06:34:09.428643+05:30
DOTUSDT,383021.70610000007,SELL,7,0.01,2023-01-09 06:34:09.522051+05:30
ADABUSD,37728.557100000005,BUY,8,0.0017,2023-01-09 06:34:09.801285+05:30
ZECUSDT,38961.85827,BUY,32,-0.0005,2023-01-09 06:34:19.261472+05:30
LTCUSDT,75197.90772,BUY,16,0.01,2023-01-09 06:34:20.833045+05:30
SOLUSDT,30218.0061,BUY,41,-0.0876,2023-01-09 06:34:28.548872+05:30
CRVUSDT,32210.9198,BUY,18,0.01,2023-01-09 06:34:29.420072+05:30
ICPUSDT,33085.898432,BUY,26,-0.0072,2023-01-09 06:34:31.010840+05:30
FILUSDT,37276.590200000006,BUY,10,0.01,2023-01-09 06:34:41.794979+05:30
FILUSDT,35426.6539,BUY,2,0.01,2023-01-09 06:34:52.315570+05:30
TRXUSDT,32365.618300000002,BUY,24,-0.2832,2023-01-09 06:35:36.474197+05:30
TRXUSDT,72461.12487999999,BUY,2,-0.2832,2023-01-09 06:35:40.253388+05:30
GALABUSD,31710.3044249,SELL,45,0.01,2023-01-09 06:36:53.683826+05:30
FTMUSDT,30989.16404,BUY,24,0.0064,2023-01-09 06:38:46.260418+05:30
FTMBUSD,30696.745263,BUY,18,0.01,2023-01-09 06:39:17.751840+05:30
FTMUSDT,30430.466129,BUY,16,0.0064,2023-01-09 06:39:46.440344+05:30
BTCUSDT,32171.554299999996,SELL,17,0.0082,2023-01-09 06:44:33.906548+05:30
ETHUSDT,35193.16253,SELL,16,0.01,2023-01-09 06:44:33.998311+05:30
EOSUSDT,35893.70450000001,SELL,24,0.01,2023-01-09 06:44:37.416518+05:30
SANDUSDT,30035.83498,SELL,15,0.01,2023-01-09 06:45:36.340322+05:30
NEARUSDT,30084.186,BUY,26,0.01,2023-01-09 06:51:34.511543+05:30
MANAUSDT,30176.0802,BUY,25,0.01,2023-01-09 06:51:35.007377+05:30
KAVAUSDT,33523.07306,SELL,35,-0.027,2023-01-09 06:57:39.825640+05:30
LINKBUSD,31867.78009593,SELL,50,0.0028,2023-01-09 06:59:06.410442+05:30
ADAUSDT,30222.31513,SELL,27,0.01,2023-01-09 06:59:06.503034+05:30
APTUSDT,34622.690848,BUY,21,-0.0009,2023-01-09 06:59:06.704250+05:30
XRPUSDT,32476.47046,SELL,34,0.01,2023-01-09 06:59:28.808193+05:30
APEUSDT,34741.2254,BUY,24,-0.1127,2023-01-09 06:59:43.211762+05:30
DOTUSDT,221654.26569999996,SELL,18,0.01,2023-01-09 06:59:59.650875+05:30
ATOMUSDT,30244.77768,BUY,25,0.0092,2023-01-09 07:01:46.385744+05:30
ETCUSDT,30622.51819,SELL,19,0.01,2023-01-09 07:08:10.408948+05:30
BTCUSDT,30233.26653,SELL,9,0.0082,2023-01-09 07:08:14.464112+05:30
ETCUSDT,40898.292720000005,BUY,1,0.01,2023-01-09 07:08:15.218909+05:30
ADAUSDT,46390.17577,BUY,12,0.01,2023-01-09 07:08:15.308776+05:30
APEUSDT,51622.5168,BUY,1,-0.1127,2023-01-09 07:08:18.345678+05:30
BNBUSDT,30399.92946,BUY,22,-0.0286,2023-01-09 07:08:19.551647+05:30
GALAUSDT,30498.47041,BUY,37,0.009,2023-01-09 07:08:21.625329+05:30
APTUSDT,34021.864945999994,BUY,2,-0.0009,2023-01-09 07:09:00.546684+05:30
DOGEUSDT,30264.667108,SELL,11,0.01,2023-01-09 07:09:04.188738+05:30
SOLBUSD,33798.6231,BUY,22,-0.0892,2023-01-09 07:09:04.357474+05:30
JASMYUSDT,32209.079904,BUY,25,0.0069,2023-01-09 07:09:04.832305+05:30
OPUSDT,31440.36918006,BUY,19,0.0082,2023-01-09 07:09:09.038044+05:30
ETHUSDT,50311.31813,BUY,13,0.01,2023-01-09 07:09:09.311616+05:30
BTCUSDT,64873.0571,BUY,7,0.0082,2023-01-09 07:09:09.402174+05:30
